%YAML 1.1
%TAG !u! tag:unity3d.com,2011:
--- !u!1 &109606
GameObject:
  m_ObjectHideFlags: 0
  m_PrefabParentObject: {fileID: 0}
  m_PrefabInternal: {fileID: 100100000}
  serializedVersion: 4
  m_Component:
  - 4: {fileID: 442748}
  - 33: {fileID: 3318412}
  - 23: {fileID: 2332148}
  - 114: {fileID: 11472430}
  m_Layer: 0
  m_Name: ThickTree_Leaf_A
  m_TagString: Untagged
  m_Icon: {fileID: 0}
  m_NavMeshLayer: 0
  m_StaticEditorFlags: 0
  m_IsActive: 1
--- !u!4 &442748
Transform:
  m_ObjectHideFlags: 1
  m_PrefabParentObject: {fileID: 0}
  m_PrefabInternal: {fileID: 100100000}
  m_GameObject: {fileID: 109606}
  m_LocalRotation: {x: 0, y: 0, z: 0, w: 1}
  m_LocalPosition: {x: 44.0322075, y: -34.2816772, z: -52.2810593}
  m_LocalScale: {x: 1, y: 1, z: 1}
  m_Children: []
  m_Father: {fileID: 0}
  m_RootOrder: 0
--- !u!23 &2332148
MeshRenderer:
  m_ObjectHideFlags: 1
  m_PrefabParentObject: {fileID: 0}
  m_PrefabInternal: {fileID: 100100000}
  m_GameObject: {fileID: 109606}
  m_Enabled: 1
  m_CastShadows: 1
  m_ReceiveShadows: 1
  m_Materials:
  - {fileID: 2100000, guid: 66e66927f63c24049b4d51d4196de09c, type: 2}
  m_SubsetIndices: 
  m_StaticBatchRoot: {fileID: 0}
  m_UseLightProbes: 1
  m_ReflectionProbeUsage: 1
  m_ProbeAnchor: {fileID: 0}
  m_ScaleInLightmap: 1
  m_PreserveUVs: 0
  m_ImportantGI: 0
  m_AutoUVMaxDistance: .5
  m_AutoUVMaxAngle: 89
  m_LightmapParameters: {fileID: 0}
  m_SortingLayerID: 0
  m_SortingOrder: 0
--- !u!33 &3318412
MeshFilter:
  m_ObjectHideFlags: 1
  m_PrefabParentObject: {fileID: 0}
  m_PrefabInternal: {fileID: 100100000}
  m_GameObject: {fileID: 109606}
  m_Mesh: {fileID: 4300642, guid: 758930fab33d17349b46a097e53baac2, type: 3}
--- !u!114 &11472430
MonoBehaviour:
  m_ObjectHideFlags: 1
  m_PrefabParentObject: {fileID: 0}
  m_PrefabInternal: {fileID: 100100000}
  m_GameObject: {fileID: 109606}
  m_Enabled: 1
  m_EditorHideFlags: 0
  m_Script: {fileID: 11500000, guid: 46a02d0f612a241b293c0da4f82b712c, type: 3}
  m_Name: 
  m_EditorClassIdentifier: 
  Properties:
    Properties: []
    Groups: []
    Hidden: 
  Links:
    Links:
    - LIIF: 666511457
      InstanceTarget: {fileID: 11472430}
    - LIIF: 1725984727
      InstanceTarget: {fileID: 2332148}
    - LIIF: -1278013260
      InstanceTarget: {fileID: 3318412}
    - LIIF: -1810828735
      InstanceTarget: {fileID: 442748}
    - LIIF: 990233017
      InstanceTarget: {fileID: 109606}
  Modifications:
    Modificated:
    - Object: {fileID: 2332148}
      ObjeckLink: 1725984727
      PropertyPath: m_Materials.Array.data[0]
      Mode: 0
    - Object: {fileID: 442748}
      ObjeckLink: -1810828735
      PropertyPath: m_LocalPosition
      Mode: 0
    - Object: {fileID: 442748}
      ObjeckLink: -1810828735
      PropertyPath: m_RootOrder
      Mode: 0
    NonPrefabObjects: []
    NonPrefabComponents: []
    RemovedObjects: 
    TransformParentChanges: []
  ParentPrefabGUID: 
  PrefabGUID: 6dfcba3d61714154f943c8ec7667e5e0
--- !u!1001 &100100000
Prefab:
  m_ObjectHideFlags: 1
  serializedVersion: 2
  m_Modification:
    m_TransformParent: {fileID: 0}
    m_Modifications: []
    m_RemovedComponents: []
  m_ParentPrefab: {fileID: 0}
  m_RootGameObject: {fileID: 109606}
  m_IsPrefabParent: 1
