%YAML 1.1
%TAG !u! tag:unity3d.com,2011:
--- !u!1 &109944
GameObject:
  m_ObjectHideFlags: 0
  m_PrefabParentObject: {fileID: 0}
  m_PrefabInternal: {fileID: 100100000}
  serializedVersion: 4
  m_Component:
  - 4: {fileID: 427734}
  - 33: {fileID: 3368924}
  - 23: {fileID: 2379270}
  m_Layer: 0
  m_Name: SpikyPalm_TrunkPiece2
  m_TagString: Untagged
  m_Icon: {fileID: 0}
  m_NavMeshLayer: 0
  m_StaticEditorFlags: 4294967295
  m_IsActive: 1
--- !u!1 &114504
GameObject:
  m_ObjectHideFlags: 0
  m_PrefabParentObject: {fileID: 0}
  m_PrefabInternal: {fileID: 100100000}
  serializedVersion: 4
  m_Component:
  - 4: {fileID: 403858}
  m_Layer: 0
  m_Name: Reverse 3
  m_TagString: Untagged
  m_Icon: {fileID: 0}
  m_NavMeshLayer: 0
  m_StaticEditorFlags: 4294967295
  m_IsActive: 1
--- !u!1 &118452
GameObject:
  m_ObjectHideFlags: 0
  m_PrefabParentObject: {fileID: 0}
  m_PrefabInternal: {fileID: 100100000}
  serializedVersion: 4
  m_Component:
  - 4: {fileID: 443040}
  - 33: {fileID: 3325026}
  - 23: {fileID: 2363714}
  m_Layer: 0
  m_Name: SpikyPalm_TrunkPiece1
  m_TagString: Untagged
  m_Icon: {fileID: 0}
  m_NavMeshLayer: 0
  m_StaticEditorFlags: 4294967295
  m_IsActive: 1
--- !u!1 &118810
GameObject:
  m_ObjectHideFlags: 1
  m_PrefabParentObject: {fileID: 0}
  m_PrefabInternal: {fileID: 100100000}
  serializedVersion: 4
  m_Component:
  - 4: {fileID: 477256}
  - 33: {fileID: 3391552}
  - 23: {fileID: 2358272}
  m_Layer: 0
  m_Name: SpikyPalm_Leaf66
  m_TagString: Untagged
  m_Icon: {fileID: 0}
  m_NavMeshLayer: 0
  m_StaticEditorFlags: 4294967295
  m_IsActive: 1
--- !u!1 &119054
GameObject:
  m_ObjectHideFlags: 1
  m_PrefabParentObject: {fileID: 0}
  m_PrefabInternal: {fileID: 100100000}
  serializedVersion: 4
  m_Component:
  - 4: {fileID: 451820}
  - 33: {fileID: 3353572}
  - 23: {fileID: 2310406}
  m_Layer: 0
  m_Name: SpikyPalm_Leaf61 1
  m_TagString: Untagged
  m_Icon: {fileID: 0}
  m_NavMeshLayer: 0
  m_StaticEditorFlags: 4294967295
  m_IsActive: 1
--- !u!1 &120230
GameObject:
  m_ObjectHideFlags: 1
  m_PrefabParentObject: {fileID: 0}
  m_PrefabInternal: {fileID: 100100000}
  serializedVersion: 4
  m_Component:
  - 4: {fileID: 456694}
  - 33: {fileID: 3332536}
  - 23: {fileID: 2327744}
  m_Layer: 0
  m_Name: SpikyPalm_Leaf73
  m_TagString: Untagged
  m_Icon: {fileID: 0}
  m_NavMeshLayer: 0
  m_StaticEditorFlags: 4294967295
  m_IsActive: 1
--- !u!1 &120966
GameObject:
  m_ObjectHideFlags: 0
  m_PrefabParentObject: {fileID: 0}
  m_PrefabInternal: {fileID: 100100000}
  serializedVersion: 4
  m_Component:
  - 4: {fileID: 483122}
  m_Layer: 0
  m_Name: Normal 3
  m_TagString: Untagged
  m_Icon: {fileID: 0}
  m_NavMeshLayer: 0
  m_StaticEditorFlags: 4294967295
  m_IsActive: 1
--- !u!1 &124318
GameObject:
  m_ObjectHideFlags: 1
  m_PrefabParentObject: {fileID: 0}
  m_PrefabInternal: {fileID: 100100000}
  serializedVersion: 4
  m_Component:
  - 4: {fileID: 472142}
  - 33: {fileID: 3399118}
  - 23: {fileID: 2394504}
  m_Layer: 0
  m_Name: SpikyPalm_Leaf60
  m_TagString: Untagged
  m_Icon: {fileID: 0}
  m_NavMeshLayer: 0
  m_StaticEditorFlags: 4294967295
  m_IsActive: 1
--- !u!1 &124928
GameObject:
  m_ObjectHideFlags: 1
  m_PrefabParentObject: {fileID: 0}
  m_PrefabInternal: {fileID: 100100000}
  serializedVersion: 4
  m_Component:
  - 4: {fileID: 440650}
  - 33: {fileID: 3370132}
  - 23: {fileID: 2356284}
  m_Layer: 0
  m_Name: SpikyPalm_Leaf72
  m_TagString: Untagged
  m_Icon: {fileID: 0}
  m_NavMeshLayer: 0
  m_StaticEditorFlags: 4294967295
  m_IsActive: 1
--- !u!1 &127526
GameObject:
  m_ObjectHideFlags: 0
  m_PrefabParentObject: {fileID: 0}
  m_PrefabInternal: {fileID: 100100000}
  serializedVersion: 4
  m_Component:
  - 4: {fileID: 416698}
  - 114: {fileID: 11413760}
  m_Layer: 0
  m_Name: SpikyPalm_A
  m_TagString: Untagged
  m_Icon: {fileID: 0}
  m_NavMeshLayer: 0
  m_StaticEditorFlags: 4294967295
  m_IsActive: 1
--- !u!1 &127594
GameObject:
  m_ObjectHideFlags: 1
  m_PrefabParentObject: {fileID: 0}
  m_PrefabInternal: {fileID: 100100000}
  serializedVersion: 4
  m_Component:
  - 4: {fileID: 468986}
  - 33: {fileID: 3373540}
  - 23: {fileID: 2382404}
  m_Layer: 0
  m_Name: SpikyPalm_Leaf63
  m_TagString: Untagged
  m_Icon: {fileID: 0}
  m_NavMeshLayer: 0
  m_StaticEditorFlags: 4294967295
  m_IsActive: 1
--- !u!1 &135012
GameObject:
  m_ObjectHideFlags: 1
  m_PrefabParentObject: {fileID: 0}
  m_PrefabInternal: {fileID: 100100000}
  serializedVersion: 4
  m_Component:
  - 4: {fileID: 457184}
  - 33: {fileID: 3395172}
  - 23: {fileID: 2363436}
  m_Layer: 0
  m_Name: SpikyPalm_Leaf59 1
  m_TagString: Untagged
  m_Icon: {fileID: 0}
  m_NavMeshLayer: 0
  m_StaticEditorFlags: 4294967295
  m_IsActive: 1
--- !u!1 &139866
GameObject:
  m_ObjectHideFlags: 1
  m_PrefabParentObject: {fileID: 0}
  m_PrefabInternal: {fileID: 100100000}
  serializedVersion: 4
  m_Component:
  - 4: {fileID: 421428}
  - 33: {fileID: 3334868}
  - 23: {fileID: 2303514}
  m_Layer: 0
  m_Name: SpikyPalm_Leaf67
  m_TagString: Untagged
  m_Icon: {fileID: 0}
  m_NavMeshLayer: 0
  m_StaticEditorFlags: 4294967295
  m_IsActive: 1
--- !u!1 &141768
GameObject:
  m_ObjectHideFlags: 1
  m_PrefabParentObject: {fileID: 0}
  m_PrefabInternal: {fileID: 100100000}
  serializedVersion: 4
  m_Component:
  - 4: {fileID: 455946}
  - 33: {fileID: 3353212}
  - 23: {fileID: 2345488}
  m_Layer: 0
  m_Name: SpikyPalm_Leaf70
  m_TagString: Untagged
  m_Icon: {fileID: 0}
  m_NavMeshLayer: 0
  m_StaticEditorFlags: 4294967295
  m_IsActive: 1
--- !u!1 &143504
GameObject:
  m_ObjectHideFlags: 0
  m_PrefabParentObject: {fileID: 0}
  m_PrefabInternal: {fileID: 100100000}
  serializedVersion: 4
  m_Component:
  - 4: {fileID: 448916}
  - 33: {fileID: 3370310}
  - 23: {fileID: 2345040}
  m_Layer: 0
  m_Name: SpikyPalm_TrunkPiece
  m_TagString: Untagged
  m_Icon: {fileID: 0}
  m_NavMeshLayer: 0
  m_StaticEditorFlags: 4294967295
  m_IsActive: 1
--- !u!1 &148242
GameObject:
  m_ObjectHideFlags: 1
  m_PrefabParentObject: {fileID: 0}
  m_PrefabInternal: {fileID: 100100000}
  serializedVersion: 4
  m_Component:
  - 4: {fileID: 410662}
  - 33: {fileID: 3352554}
  - 23: {fileID: 2330690}
  m_Layer: 0
  m_Name: SpikyPalm_Leaf67 1
  m_TagString: Untagged
  m_Icon: {fileID: 0}
  m_NavMeshLayer: 0
  m_StaticEditorFlags: 4294967295
  m_IsActive: 1
--- !u!1 &148528
GameObject:
  m_ObjectHideFlags: 1
  m_PrefabParentObject: {fileID: 0}
  m_PrefabInternal: {fileID: 100100000}
  serializedVersion: 4
  m_Component:
  - 4: {fileID: 418688}
  - 33: {fileID: 3314118}
  - 23: {fileID: 2323800}
  m_Layer: 0
  m_Name: SpikyPalm_Leaf65
  m_TagString: Untagged
  m_Icon: {fileID: 0}
  m_NavMeshLayer: 0
  m_StaticEditorFlags: 4294967295
  m_IsActive: 1
--- !u!1 &151786
GameObject:
  m_ObjectHideFlags: 1
  m_PrefabParentObject: {fileID: 0}
  m_PrefabInternal: {fileID: 100100000}
  serializedVersion: 4
  m_Component:
  - 4: {fileID: 468076}
  - 33: {fileID: 3304226}
  - 23: {fileID: 2316924}
  m_Layer: 0
  m_Name: SpikyPalm_Leaf59
  m_TagString: Untagged
  m_Icon: {fileID: 0}
  m_NavMeshLayer: 0
  m_StaticEditorFlags: 4294967295
  m_IsActive: 1
--- !u!1 &154086
GameObject:
  m_ObjectHideFlags: 1
  m_PrefabParentObject: {fileID: 0}
  m_PrefabInternal: {fileID: 100100000}
  serializedVersion: 4
  m_Component:
  - 4: {fileID: 408298}
  - 33: {fileID: 3380224}
  - 23: {fileID: 2350380}
  m_Layer: 0
  m_Name: SpikyPalm_Leaf61
  m_TagString: Untagged
  m_Icon: {fileID: 0}
  m_NavMeshLayer: 0
  m_StaticEditorFlags: 4294967295
  m_IsActive: 1
--- !u!1 &157646
GameObject:
  m_ObjectHideFlags: 1
  m_PrefabParentObject: {fileID: 0}
  m_PrefabInternal: {fileID: 100100000}
  serializedVersion: 4
  m_Component:
  - 4: {fileID: 489608}
  - 33: {fileID: 3344908}
  - 23: {fileID: 2379880}
  m_Layer: 0
  m_Name: SpikyPalm_Leaf64
  m_TagString: Untagged
  m_Icon: {fileID: 0}
  m_NavMeshLayer: 0
  m_StaticEditorFlags: 4294967295
  m_IsActive: 1
--- !u!1 &159916
GameObject:
  m_ObjectHideFlags: 1
  m_PrefabParentObject: {fileID: 0}
  m_PrefabInternal: {fileID: 100100000}
  serializedVersion: 4
  m_Component:
  - 4: {fileID: 491872}
  - 33: {fileID: 3332768}
  - 23: {fileID: 2379758}
  m_Layer: 0
  m_Name: SpikyPalm_Leaf62 1
  m_TagString: Untagged
  m_Icon: {fileID: 0}
  m_NavMeshLayer: 0
  m_StaticEditorFlags: 4294967295
  m_IsActive: 1
--- !u!1 &170654
GameObject:
  m_ObjectHideFlags: 1
  m_PrefabParentObject: {fileID: 0}
  m_PrefabInternal: {fileID: 100100000}
  serializedVersion: 4
  m_Component:
  - 4: {fileID: 493614}
  - 33: {fileID: 3305450}
  - 23: {fileID: 2391502}
  m_Layer: 0
  m_Name: SpikyPalm_Leaf71
  m_TagString: Untagged
  m_Icon: {fileID: 0}
  m_NavMeshLayer: 0
  m_StaticEditorFlags: 4294967295
  m_IsActive: 1
--- !u!1 &173732
GameObject:
  m_ObjectHideFlags: 1
  m_PrefabParentObject: {fileID: 0}
  m_PrefabInternal: {fileID: 100100000}
  serializedVersion: 4
  m_Component:
  - 4: {fileID: 467174}
  - 33: {fileID: 3356282}
  - 23: {fileID: 2366842}
  m_Layer: 0
  m_Name: SpikyPalm_Leaf65 1
  m_TagString: Untagged
  m_Icon: {fileID: 0}
  m_NavMeshLayer: 0
  m_StaticEditorFlags: 4294967295
  m_IsActive: 1
--- !u!1 &175620
GameObject:
  m_ObjectHideFlags: 1
  m_PrefabParentObject: {fileID: 0}
  m_PrefabInternal: {fileID: 100100000}
  serializedVersion: 4
  m_Component:
  - 4: {fileID: 424214}
  - 33: {fileID: 3367224}
  - 23: {fileID: 2339260}
  m_Layer: 0
  m_Name: SpikyPalm_Leaf63 1
  m_TagString: Untagged
  m_Icon: {fileID: 0}
  m_NavMeshLayer: 0
  m_StaticEditorFlags: 4294967295
  m_IsActive: 1
--- !u!1 &180872
GameObject:
  m_ObjectHideFlags: 1
  m_PrefabParentObject: {fileID: 0}
  m_PrefabInternal: {fileID: 100100000}
  serializedVersion: 4
  m_Component:
  - 4: {fileID: 452272}
  - 33: {fileID: 3315880}
  - 23: {fileID: 2392588}
  m_Layer: 0
  m_Name: SpikyPalm_Leaf60 1
  m_TagString: Untagged
  m_Icon: {fileID: 0}
  m_NavMeshLayer: 0
  m_StaticEditorFlags: 4294967295
  m_IsActive: 1
--- !u!1 &185462
GameObject:
  m_ObjectHideFlags: 1
  m_PrefabParentObject: {fileID: 0}
  m_PrefabInternal: {fileID: 100100000}
  serializedVersion: 4
  m_Component:
  - 4: {fileID: 415328}
  - 33: {fileID: 3300704}
  - 23: {fileID: 2361024}
  m_Layer: 0
  m_Name: SpikyPalm_Leaf64 1
  m_TagString: Untagged
  m_Icon: {fileID: 0}
  m_NavMeshLayer: 0
  m_StaticEditorFlags: 4294967295
  m_IsActive: 1
--- !u!1 &195672
GameObject:
  m_ObjectHideFlags: 0
  m_PrefabParentObject: {fileID: 0}
  m_PrefabInternal: {fileID: 100100000}
  serializedVersion: 4
  m_Component:
  - 4: {fileID: 432342}
  - 33: {fileID: 3324866}
  - 23: {fileID: 2312722}
  m_Layer: 0
  m_Name: SpikyPalm_Top
  m_TagString: Untagged
  m_Icon: {fileID: 0}
  m_NavMeshLayer: 0
  m_StaticEditorFlags: 4294967295
  m_IsActive: 1
--- !u!1 &196526
GameObject:
  m_ObjectHideFlags: 1
  m_PrefabParentObject: {fileID: 0}
  m_PrefabInternal: {fileID: 100100000}
  serializedVersion: 4
  m_Component:
  - 4: {fileID: 451214}
  - 33: {fileID: 3373512}
  - 23: {fileID: 2325256}
  m_Layer: 0
  m_Name: SpikyPalm_Leaf66 1
  m_TagString: Untagged
  m_Icon: {fileID: 0}
  m_NavMeshLayer: 0
  m_StaticEditorFlags: 4294967295
  m_IsActive: 1
--- !u!1 &198196
GameObject:
  m_ObjectHideFlags: 1
  m_PrefabParentObject: {fileID: 0}
  m_PrefabInternal: {fileID: 100100000}
  serializedVersion: 4
  m_Component:
  - 4: {fileID: 484676}
  - 33: {fileID: 3354024}
  - 23: {fileID: 2330538}
  m_Layer: 0
  m_Name: SpikyPalm_Leaf62
  m_TagString: Untagged
  m_Icon: {fileID: 0}
  m_NavMeshLayer: 0
  m_StaticEditorFlags: 4294967295
  m_IsActive: 1
--- !u!4 &403858
Transform:
  m_ObjectHideFlags: 1
  m_PrefabParentObject: {fileID: 0}
  m_PrefabInternal: {fileID: 100100000}
  m_GameObject: {fileID: 114504}
  m_LocalRotation: {x: 0, y: 0, z: 0, w: 1}
  m_LocalPosition: {x: .135528967, y: 4.48664761, z: -.407648355}
  m_LocalScale: {x: 1.49154973, y: 1.49154973, z: 1.49154973}
  m_Children:
  - {fileID: 457184}
  - {fileID: 452272}
  - {fileID: 451820}
  - {fileID: 491872}
  - {fileID: 424214}
  - {fileID: 415328}
  - {fileID: 467174}
  - {fileID: 451214}
  - {fileID: 410662}
  m_Father: {fileID: 416698}
  m_RootOrder: 1
--- !u!4 &408298
Transform:
  m_ObjectHideFlags: 1
  m_PrefabParentObject: {fileID: 0}
  m_PrefabInternal: {fileID: 100100000}
  m_GameObject: {fileID: 154086}
  m_LocalRotation: {x: -1.13768105e-16, y: .401614398, z: .915808916, w: -2.59427557e-16}
  m_LocalPosition: {x: -.0505495742, y: -1.11353517, z: .308947951}
  m_LocalScale: {x: .670443594, y: .670443594, z: .670443594}
  m_Children: []
  m_Father: {fileID: 483122}
  m_RootOrder: 2
--- !u!4 &410662
Transform:
  m_ObjectHideFlags: 1
  m_PrefabParentObject: {fileID: 0}
  m_PrefabInternal: {fileID: 100100000}
  m_GameObject: {fileID: 148242}
  m_LocalRotation: {x: .844533086, y: -.30039832, z: -.321907133, w: -.304795772}
  m_LocalPosition: {x: -.067712158, y: -.691015482, z: .302096248}
  m_LocalScale: {x: .762641728, y: .762641728, z: .762641728}
  m_Children: []
  m_Father: {fileID: 403858}
  m_RootOrder: 8
--- !u!4 &415328
Transform:
  m_ObjectHideFlags: 1
  m_PrefabParentObject: {fileID: 0}
  m_PrefabInternal: {fileID: 100100000}
  m_GameObject: {fileID: 185462}
  m_LocalRotation: {x: .779259086, y: .207480639, z: .444341123, w: -.390215367}
  m_LocalPosition: {x: -.067712158, y: -.691015482, z: .302096248}
  m_LocalScale: {x: .762641728, y: .762641728, z: .762641728}
  m_Children: []
  m_Father: {fileID: 403858}
  m_RootOrder: 5
--- !u!4 &416698
Transform:
  m_ObjectHideFlags: 1
  m_PrefabParentObject: {fileID: 0}
  m_PrefabInternal: {fileID: 100100000}
  m_GameObject: {fileID: 127526}
  m_LocalRotation: {x: 0, y: 0, z: .020229917, w: .999795377}
  m_LocalPosition: {x: -23.1399994, y: -.680000305, z: 24.3500004}
  m_LocalScale: {x: 3.33141136, y: 3.33141112, z: 3.33141136}
  m_Children:
  - {fileID: 483122}
  - {fileID: 403858}
  - {fileID: 432342}
  - {fileID: 448916}
  - {fileID: 443040}
  - {fileID: 427734}
  m_Father: {fileID: 0}
  m_RootOrder: 0
--- !u!4 &418688
Transform:
  m_ObjectHideFlags: 1
  m_PrefabParentObject: {fileID: 0}
  m_PrefabInternal: {fileID: 100100000}
  m_GameObject: {fileID: 148528}
  m_LocalRotation: {x: .414359093, y: .484685093, z: .717691004, w: -.279833078}
  m_LocalPosition: {x: -.067712158, y: -.691015482, z: .302096248}
  m_LocalScale: {x: .762641728, y: .762641728, z: .762641728}
  m_Children: []
  m_Father: {fileID: 483122}
  m_RootOrder: 6
--- !u!4 &421428
Transform:
  m_ObjectHideFlags: 1
  m_PrefabParentObject: {fileID: 0}
  m_PrefabInternal: {fileID: 100100000}
  m_GameObject: {fileID: 139866}
  m_LocalRotation: {x: .844533086, y: -.30039832, z: -.321907133, w: -.304795772}
  m_LocalPosition: {x: -.067712158, y: -.691015482, z: .302096248}
  m_LocalScale: {x: .762641728, y: .762641728, z: .762641728}
  m_Children: []
  m_Father: {fileID: 483122}
  m_RootOrder: 8
--- !u!4 &424214
Transform:
  m_ObjectHideFlags: 1
  m_PrefabParentObject: {fileID: 0}
  m_PrefabInternal: {fileID: 100100000}
  m_GameObject: {fileID: 175620}
  m_LocalRotation: {x: .815168142, y: -.168820426, z: -.47063753, w: -.292405546}
  m_LocalPosition: {x: -.0505495742, y: -1.11353517, z: .308947951}
  m_LocalScale: {x: .670443594, y: .670443594, z: .670443594}
  m_Children: []
  m_Father: {fileID: 403858}
  m_RootOrder: 4
--- !u!4 &427734
Transform:
  m_ObjectHideFlags: 1
  m_PrefabParentObject: {fileID: 0}
  m_PrefabInternal: {fileID: 100100000}
  m_GameObject: {fileID: 109944}
  m_LocalRotation: {x: -.0538963713, y: .00349145033, z: -.0240581855, w: .998250604}
  m_LocalPosition: {x: .100872777, y: 1.42306006, z: -.112621583}
  m_LocalScale: {x: 1, y: 1, z: 1}
  m_Children: []
  m_Father: {fileID: 416698}
  m_RootOrder: 5
--- !u!4 &432342
Transform:
  m_ObjectHideFlags: 1
  m_PrefabParentObject: {fileID: 0}
  m_PrefabInternal: {fileID: 100100000}
  m_GameObject: {fileID: 195672}
  m_LocalRotation: {x: 0, y: 0, z: 0, w: 1}
  m_LocalPosition: {x: .0143724764, y: 2.61913824, z: -.134429976}
  m_LocalScale: {x: 1, y: 1, z: 1}
  m_Children: []
  m_Father: {fileID: 416698}
  m_RootOrder: 2
--- !u!4 &440650
Transform:
  m_ObjectHideFlags: 1
  m_PrefabParentObject: {fileID: 0}
  m_PrefabInternal: {fileID: 100100000}
  m_GameObject: {fileID: 124928}
  m_LocalRotation: {x: 3.31387082e-17, y: .923879564, z: -3.31387082e-17, w: -.382683456}
  m_LocalPosition: {x: -.0314801373, y: -1.09016228, z: .254964292}
  m_LocalScale: {x: .427455813, y: .427455813, z: .427455813}
  m_Children: []
  m_Father: {fileID: 483122}
  m_RootOrder: 11
--- !u!4 &443040
Transform:
  m_ObjectHideFlags: 1
  m_PrefabParentObject: {fileID: 0}
  m_PrefabInternal: {fileID: 100100000}
  m_GameObject: {fileID: 118452}
  m_LocalRotation: {x: 0, y: 0, z: 0, w: 1}
  m_LocalPosition: {x: .10620001, y: .780684948, z: -.112621509}
  m_LocalScale: {x: 1, y: 1, z: 1}
  m_Children: []
  m_Father: {fileID: 416698}
  m_RootOrder: 4
--- !u!4 &448916
Transform:
  m_ObjectHideFlags: 1
  m_PrefabParentObject: {fileID: 0}
  m_PrefabInternal: {fileID: 100100000}
  m_GameObject: {fileID: 143504}
  m_LocalRotation: {x: 0, y: 0, z: 0, w: 1}
  m_LocalPosition: {x: .0572523959, y: .07181447, z: -.112621509}
  m_LocalScale: {x: 1, y: 1, z: 1}
  m_Children: []
  m_Father: {fileID: 416698}
  m_RootOrder: 3
--- !u!4 &451214
Transform:
  m_ObjectHideFlags: 1
  m_PrefabParentObject: {fileID: 0}
  m_PrefabInternal: {fileID: 100100000}
  m_GameObject: {fileID: 196526}
  m_LocalRotation: {x: -.00687320856, y: .492067665, z: .870482087, w: -.00911591109}
  m_LocalPosition: {x: -.067712158, y: -.691015482, z: .302096248}
  m_LocalScale: {x: .762641728, y: .762641728, z: .762641728}
  m_Children: []
  m_Father: {fileID: 403858}
  m_RootOrder: 7
--- !u!4 &451820
Transform:
  m_ObjectHideFlags: 1
  m_PrefabParentObject: {fileID: 0}
  m_PrefabInternal: {fileID: 100100000}
  m_GameObject: {fileID: 119054}
  m_LocalRotation: {x: -1.13768105e-16, y: .401614398, z: .915808916, w: -2.59427557e-16}
  m_LocalPosition: {x: -.0505495742, y: -1.11353517, z: .308947951}
  m_LocalScale: {x: .670443594, y: .670443594, z: .670443594}
  m_Children: []
  m_Father: {fileID: 403858}
  m_RootOrder: 2
--- !u!4 &452272
Transform:
  m_ObjectHideFlags: 1
  m_PrefabParentObject: {fileID: 0}
  m_PrefabInternal: {fileID: 100100000}
  m_GameObject: {fileID: 180872}
  m_LocalRotation: {x: .457904428, y: .347808242, z: .793113768, w: -.200807184}
  m_LocalPosition: {x: -.0505495742, y: -1.11353517, z: .308947951}
  m_LocalScale: {x: .670443594, y: .670443594, z: .670443594}
  m_Children: []
  m_Father: {fileID: 403858}
  m_RootOrder: 1
--- !u!4 &455946
Transform:
  m_ObjectHideFlags: 1
  m_PrefabParentObject: {fileID: 0}
  m_PrefabInternal: {fileID: 100100000}
  m_GameObject: {fileID: 141768}
  m_LocalRotation: {x: .0943372101, y: .270923883, z: -.00294059352, w: .957962453}
  m_LocalPosition: {x: -.0314801373, y: -1.09016228, z: .254964292}
  m_LocalScale: {x: .427455813, y: .427455813, z: .427455813}
  m_Children: []
  m_Father: {fileID: 483122}
  m_RootOrder: 9
--- !u!4 &456694
Transform:
  m_ObjectHideFlags: 1
  m_PrefabParentObject: {fileID: 0}
  m_PrefabInternal: {fileID: 100100000}
  m_GameObject: {fileID: 120230}
  m_LocalRotation: {x: 8.47518403e-17, y: .837189198, z: -8.47518403e-17, w: .546913385}
  m_LocalPosition: {x: -.0314801373, y: -1.09016228, z: .254964292}
  m_LocalScale: {x: .427455813, y: .427455813, z: .427455813}
  m_Children: []
  m_Father: {fileID: 483122}
  m_RootOrder: 12
--- !u!4 &457184
Transform:
  m_ObjectHideFlags: 1
  m_PrefabParentObject: {fileID: 0}
  m_PrefabInternal: {fileID: 100100000}
  m_GameObject: {fileID: 135012}
  m_LocalRotation: {x: .832584083, y: .137603045, z: .480692625, w: -.23833546}
  m_LocalPosition: {x: -.0505495742, y: -1.11353517, z: .308947951}
  m_LocalScale: {x: .670443594, y: .670443594, z: .670443594}
  m_Children: []
  m_Father: {fileID: 403858}
  m_RootOrder: 0
--- !u!4 &467174
Transform:
  m_ObjectHideFlags: 1
  m_PrefabParentObject: {fileID: 0}
  m_PrefabInternal: {fileID: 100100000}
  m_GameObject: {fileID: 173732}
  m_LocalRotation: {x: .414359093, y: .484685093, z: .717691004, w: -.279833078}
  m_LocalPosition: {x: -.067712158, y: -.691015482, z: .302096248}
  m_LocalScale: {x: .762641728, y: .762641728, z: .762641728}
  m_Children: []
  m_Father: {fileID: 403858}
  m_RootOrder: 6
--- !u!4 &468076
Transform:
  m_ObjectHideFlags: 1
  m_PrefabParentObject: {fileID: 0}
  m_PrefabInternal: {fileID: 100100000}
  m_GameObject: {fileID: 151786}
  m_LocalRotation: {x: .832584083, y: .137603045, z: .480692625, w: -.23833546}
  m_LocalPosition: {x: -.0505495742, y: -1.11353517, z: .308947951}
  m_LocalScale: {x: .670443594, y: .670443594, z: .670443594}
  m_Children: []
  m_Father: {fileID: 483122}
  m_RootOrder: 0
--- !u!4 &468986
Transform:
  m_ObjectHideFlags: 1
  m_PrefabParentObject: {fileID: 0}
  m_PrefabInternal: {fileID: 100100000}
  m_GameObject: {fileID: 127594}
  m_LocalRotation: {x: .815168142, y: -.168820426, z: -.47063753, w: -.292405546}
  m_LocalPosition: {x: -.0505495742, y: -1.11353517, z: .308947951}
  m_LocalScale: {x: .670443594, y: .670443594, z: .670443594}
  m_Children: []
  m_Father: {fileID: 483122}
  m_RootOrder: 4
--- !u!4 &472142
Transform:
  m_ObjectHideFlags: 1
  m_PrefabParentObject: {fileID: 0}
  m_PrefabInternal: {fileID: 100100000}
  m_GameObject: {fileID: 124318}
  m_LocalRotation: {x: .457904428, y: .347808242, z: .793113768, w: -.200807184}
  m_LocalPosition: {x: -.0505495742, y: -1.11353517, z: .308947951}
  m_LocalScale: {x: .670443594, y: .670443594, z: .670443594}
  m_Children: []
  m_Father: {fileID: 483122}
  m_RootOrder: 1
--- !u!4 &477256
Transform:
  m_ObjectHideFlags: 1
  m_PrefabParentObject: {fileID: 0}
  m_PrefabInternal: {fileID: 100100000}
  m_GameObject: {fileID: 118810}
  m_LocalRotation: {x: -.00687320856, y: .492067665, z: .870482087, w: -.00911591109}
  m_LocalPosition: {x: -.067712158, y: -.691015482, z: .302096248}
  m_LocalScale: {x: .762641728, y: .762641728, z: .762641728}
  m_Children: []
  m_Father: {fileID: 483122}
  m_RootOrder: 7
--- !u!4 &483122
Transform:
  m_ObjectHideFlags: 1
  m_PrefabParentObject: {fileID: 0}
  m_PrefabInternal: {fileID: 100100000}
  m_GameObject: {fileID: 120966}
  m_LocalRotation: {x: 0, y: 0, z: 0, w: 1}
  m_LocalPosition: {x: .135528967, y: 4.48664761, z: -.407648355}
  m_LocalScale: {x: 1.49154973, y: 1.49154973, z: 1.49154973}
  m_Children:
  - {fileID: 468076}
  - {fileID: 472142}
  - {fileID: 408298}
  - {fileID: 484676}
  - {fileID: 468986}
  - {fileID: 489608}
  - {fileID: 418688}
  - {fileID: 477256}
  - {fileID: 421428}
  - {fileID: 455946}
  - {fileID: 493614}
  - {fileID: 440650}
  - {fileID: 456694}
  m_Father: {fileID: 416698}
  m_RootOrder: 0
--- !u!4 &484676
Transform:
  m_ObjectHideFlags: 1
  m_PrefabParentObject: {fileID: 0}
  m_PrefabInternal: {fileID: 100100000}
  m_GameObject: {fileID: 198196}
  m_LocalRotation: {x: -.457904428, y: .347808242, z: .793113768, w: .200807184}
  m_LocalPosition: {x: -.0505495742, y: -1.11353517, z: .308947951}
  m_LocalScale: {x: .670443594, y: .670443594, z: .670443594}
  m_Children: []
  m_Father: {fileID: 483122}
  m_RootOrder: 3
--- !u!4 &489608
Transform:
  m_ObjectHideFlags: 1
  m_PrefabParentObject: {fileID: 0}
  m_PrefabInternal: {fileID: 100100000}
  m_GameObject: {fileID: 157646}
  m_LocalRotation: {x: .779259086, y: .207480639, z: .444341123, w: -.390215367}
  m_LocalPosition: {x: -.067712158, y: -.691015482, z: .302096248}
  m_LocalScale: {x: .762641728, y: .762641728, z: .762641728}
  m_Children: []
  m_Father: {fileID: 483122}
  m_RootOrder: 5
--- !u!4 &491872
Transform:
  m_ObjectHideFlags: 1
  m_PrefabParentObject: {fileID: 0}
  m_PrefabInternal: {fileID: 100100000}
  m_GameObject: {fileID: 159916}
  m_LocalRotation: {x: -.457904428, y: .347808242, z: .793113768, w: .200807184}
  m_LocalPosition: {x: -.0505495742, y: -1.11353517, z: .308947951}
  m_LocalScale: {x: .670443594, y: .670443594, z: .670443594}
  m_Children: []
  m_Father: {fileID: 403858}
  m_RootOrder: 3
--- !u!4 &493614
Transform:
  m_ObjectHideFlags: 1
  m_PrefabParentObject: {fileID: 0}
  m_PrefabInternal: {fileID: 100100000}
  m_GameObject: {fileID: 170654}
  m_LocalRotation: {x: 0, y: -.615619004, z: -0, w: .788043976}
  m_LocalPosition: {x: -.0314801373, y: -1.09016228, z: .254964292}
  m_LocalScale: {x: .427455813, y: .427455813, z: .427455813}
  m_Children: []
  m_Father: {fileID: 483122}
  m_RootOrder: 10
--- !u!23 &2303514
MeshRenderer:
  m_ObjectHideFlags: 1
  m_PrefabParentObject: {fileID: 0}
  m_PrefabInternal: {fileID: 100100000}
  m_GameObject: {fileID: 139866}
  m_Enabled: 1
  m_CastShadows: 1
  m_ReceiveShadows: 1
  m_Materials:
  - {fileID: 2100000, guid: 927bbb504e10e144f8645f6f4834aaaf, type: 2}
  m_SubsetIndices: 
  m_StaticBatchRoot: {fileID: 0}
  m_UseLightProbes: 1
  m_ReflectionProbeUsage: 1
  m_ProbeAnchor: {fileID: 0}
  m_ScaleInLightmap: 1
  m_PreserveUVs: 0
  m_ImportantGI: 0
  m_AutoUVMaxDistance: .5
  m_AutoUVMaxAngle: 89
  m_LightmapParameters: {fileID: 0}
  m_SortingLayerID: 0
  m_SortingOrder: 0
--- !u!23 &2310406
MeshRenderer:
  m_ObjectHideFlags: 1
  m_PrefabParentObject: {fileID: 0}
  m_PrefabInternal: {fileID: 100100000}
  m_GameObject: {fileID: 119054}
  m_Enabled: 1
  m_CastShadows: 1
  m_ReceiveShadows: 1
  m_Materials:
  - {fileID: 2100000, guid: 927bbb504e10e144f8645f6f4834aaaf, type: 2}
  m_SubsetIndices: 
  m_StaticBatchRoot: {fileID: 0}
  m_UseLightProbes: 1
  m_ReflectionProbeUsage: 1
  m_ProbeAnchor: {fileID: 0}
  m_ScaleInLightmap: 1
  m_PreserveUVs: 0
  m_ImportantGI: 0
  m_AutoUVMaxDistance: .5
  m_AutoUVMaxAngle: 89
  m_LightmapParameters: {fileID: 0}
  m_SortingLayerID: 0
  m_SortingOrder: 0
--- !u!23 &2312722
MeshRenderer:
  m_ObjectHideFlags: 1
  m_PrefabParentObject: {fileID: 0}
  m_PrefabInternal: {fileID: 100100000}
  m_GameObject: {fileID: 195672}
  m_Enabled: 1
  m_CastShadows: 1
  m_ReceiveShadows: 1
  m_Materials:
  - {fileID: 2100000, guid: a680f5f3dd15fcf43a7d1cbb2ccc7081, type: 2}
  m_SubsetIndices: 
  m_StaticBatchRoot: {fileID: 0}
  m_UseLightProbes: 1
  m_ReflectionProbeUsage: 1
  m_ProbeAnchor: {fileID: 0}
  m_ScaleInLightmap: 1
  m_PreserveUVs: 0
  m_ImportantGI: 0
  m_AutoUVMaxDistance: .5
  m_AutoUVMaxAngle: 89
  m_LightmapParameters: {fileID: 0}
  m_SortingLayerID: 0
  m_SortingOrder: 0
--- !u!23 &2316924
MeshRenderer:
  m_ObjectHideFlags: 1
  m_PrefabParentObject: {fileID: 0}
  m_PrefabInternal: {fileID: 100100000}
  m_GameObject: {fileID: 151786}
  m_Enabled: 1
  m_CastShadows: 1
  m_ReceiveShadows: 1
  m_Materials:
  - {fileID: 2100000, guid: 927bbb504e10e144f8645f6f4834aaaf, type: 2}
  m_SubsetIndices: 
  m_StaticBatchRoot: {fileID: 0}
  m_UseLightProbes: 1
  m_ReflectionProbeUsage: 1
  m_ProbeAnchor: {fileID: 0}
  m_ScaleInLightmap: 1
  m_PreserveUVs: 0
  m_ImportantGI: 0
  m_AutoUVMaxDistance: .5
  m_AutoUVMaxAngle: 89
  m_LightmapParameters: {fileID: 0}
  m_SortingLayerID: 0
  m_SortingOrder: 0
--- !u!23 &2323800
MeshRenderer:
  m_ObjectHideFlags: 1
  m_PrefabParentObject: {fileID: 0}
  m_PrefabInternal: {fileID: 100100000}
  m_GameObject: {fileID: 148528}
  m_Enabled: 1
  m_CastShadows: 1
  m_ReceiveShadows: 1
  m_Materials:
  - {fileID: 2100000, guid: 927bbb504e10e144f8645f6f4834aaaf, type: 2}
  m_SubsetIndices: 
  m_StaticBatchRoot: {fileID: 0}
  m_UseLightProbes: 1
  m_ReflectionProbeUsage: 1
  m_ProbeAnchor: {fileID: 0}
  m_ScaleInLightmap: 1
  m_PreserveUVs: 0
  m_ImportantGI: 0
  m_AutoUVMaxDistance: .5
  m_AutoUVMaxAngle: 89
  m_LightmapParameters: {fileID: 0}
  m_SortingLayerID: 0
  m_SortingOrder: 0
--- !u!23 &2325256
MeshRenderer:
  m_ObjectHideFlags: 1
  m_PrefabParentObject: {fileID: 0}
  m_PrefabInternal: {fileID: 100100000}
  m_GameObject: {fileID: 196526}
  m_Enabled: 1
  m_CastShadows: 1
  m_ReceiveShadows: 1
  m_Materials:
  - {fileID: 2100000, guid: 927bbb504e10e144f8645f6f4834aaaf, type: 2}
  m_SubsetIndices: 
  m_StaticBatchRoot: {fileID: 0}
  m_UseLightProbes: 1
  m_ReflectionProbeUsage: 1
  m_ProbeAnchor: {fileID: 0}
  m_ScaleInLightmap: 1
  m_PreserveUVs: 0
  m_ImportantGI: 0
  m_AutoUVMaxDistance: .5
  m_AutoUVMaxAngle: 89
  m_LightmapParameters: {fileID: 0}
  m_SortingLayerID: 0
  m_SortingOrder: 0
--- !u!23 &2327744
MeshRenderer:
  m_ObjectHideFlags: 1
  m_PrefabParentObject: {fileID: 0}
  m_PrefabInternal: {fileID: 100100000}
  m_GameObject: {fileID: 120230}
  m_Enabled: 1
  m_CastShadows: 1
  m_ReceiveShadows: 1
  m_Materials:
  - {fileID: 2100000, guid: 927bbb504e10e144f8645f6f4834aaaf, type: 2}
  m_SubsetIndices: 
  m_StaticBatchRoot: {fileID: 0}
  m_UseLightProbes: 1
  m_ReflectionProbeUsage: 1
  m_ProbeAnchor: {fileID: 0}
  m_ScaleInLightmap: 1
  m_PreserveUVs: 0
  m_ImportantGI: 0
  m_AutoUVMaxDistance: .5
  m_AutoUVMaxAngle: 89
  m_LightmapParameters: {fileID: 0}
  m_SortingLayerID: 0
  m_SortingOrder: 0
--- !u!23 &2330538
MeshRenderer:
  m_ObjectHideFlags: 1
  m_PrefabParentObject: {fileID: 0}
  m_PrefabInternal: {fileID: 100100000}
  m_GameObject: {fileID: 198196}
  m_Enabled: 1
  m_CastShadows: 1
  m_ReceiveShadows: 1
  m_Materials:
  - {fileID: 2100000, guid: 927bbb504e10e144f8645f6f4834aaaf, type: 2}
  m_SubsetIndices: 
  m_StaticBatchRoot: {fileID: 0}
  m_UseLightProbes: 1
  m_ReflectionProbeUsage: 1
  m_ProbeAnchor: {fileID: 0}
  m_ScaleInLightmap: 1
  m_PreserveUVs: 0
  m_ImportantGI: 0
  m_AutoUVMaxDistance: .5
  m_AutoUVMaxAngle: 89
  m_LightmapParameters: {fileID: 0}
  m_SortingLayerID: 0
  m_SortingOrder: 0
--- !u!23 &2330690
MeshRenderer:
  m_ObjectHideFlags: 1
  m_PrefabParentObject: {fileID: 0}
  m_PrefabInternal: {fileID: 100100000}
  m_GameObject: {fileID: 148242}
  m_Enabled: 1
  m_CastShadows: 1
  m_ReceiveShadows: 1
  m_Materials:
  - {fileID: 2100000, guid: 927bbb504e10e144f8645f6f4834aaaf, type: 2}
  m_SubsetIndices: 
  m_StaticBatchRoot: {fileID: 0}
  m_UseLightProbes: 1
  m_ReflectionProbeUsage: 1
  m_ProbeAnchor: {fileID: 0}
  m_ScaleInLightmap: 1
  m_PreserveUVs: 0
  m_ImportantGI: 0
  m_AutoUVMaxDistance: .5
  m_AutoUVMaxAngle: 89
  m_LightmapParameters: {fileID: 0}
  m_SortingLayerID: 0
  m_SortingOrder: 0
--- !u!23 &2339260
MeshRenderer:
  m_ObjectHideFlags: 1
  m_PrefabParentObject: {fileID: 0}
  m_PrefabInternal: {fileID: 100100000}
  m_GameObject: {fileID: 175620}
  m_Enabled: 1
  m_CastShadows: 1
  m_ReceiveShadows: 1
  m_Materials:
  - {fileID: 2100000, guid: 927bbb504e10e144f8645f6f4834aaaf, type: 2}
  m_SubsetIndices: 
  m_StaticBatchRoot: {fileID: 0}
  m_UseLightProbes: 1
  m_ReflectionProbeUsage: 1
  m_ProbeAnchor: {fileID: 0}
  m_ScaleInLightmap: 1
  m_PreserveUVs: 0
  m_ImportantGI: 0
  m_AutoUVMaxDistance: .5
  m_AutoUVMaxAngle: 89
  m_LightmapParameters: {fileID: 0}
  m_SortingLayerID: 0
  m_SortingOrder: 0
--- !u!23 &2345040
MeshRenderer:
  m_ObjectHideFlags: 1
  m_PrefabParentObject: {fileID: 0}
  m_PrefabInternal: {fileID: 100100000}
  m_GameObject: {fileID: 143504}
  m_Enabled: 1
  m_CastShadows: 1
  m_ReceiveShadows: 1
  m_Materials:
  - {fileID: 2100000, guid: a680f5f3dd15fcf43a7d1cbb2ccc7081, type: 2}
  m_SubsetIndices: 
  m_StaticBatchRoot: {fileID: 0}
  m_UseLightProbes: 1
  m_ReflectionProbeUsage: 1
  m_ProbeAnchor: {fileID: 0}
  m_ScaleInLightmap: 1
  m_PreserveUVs: 0
  m_ImportantGI: 0
  m_AutoUVMaxDistance: .5
  m_AutoUVMaxAngle: 89
  m_LightmapParameters: {fileID: 0}
  m_SortingLayerID: 0
  m_SortingOrder: 0
--- !u!23 &2345488
MeshRenderer:
  m_ObjectHideFlags: 1
  m_PrefabParentObject: {fileID: 0}
  m_PrefabInternal: {fileID: 100100000}
  m_GameObject: {fileID: 141768}
  m_Enabled: 1
  m_CastShadows: 1
  m_ReceiveShadows: 1
  m_Materials:
  - {fileID: 2100000, guid: 927bbb504e10e144f8645f6f4834aaaf, type: 2}
  m_SubsetIndices: 
  m_StaticBatchRoot: {fileID: 0}
  m_UseLightProbes: 1
  m_ReflectionProbeUsage: 1
  m_ProbeAnchor: {fileID: 0}
  m_ScaleInLightmap: 1
  m_PreserveUVs: 0
  m_ImportantGI: 0
  m_AutoUVMaxDistance: .5
  m_AutoUVMaxAngle: 89
  m_LightmapParameters: {fileID: 0}
  m_SortingLayerID: 0
  m_SortingOrder: 0
--- !u!23 &2350380
MeshRenderer:
  m_ObjectHideFlags: 1
  m_PrefabParentObject: {fileID: 0}
  m_PrefabInternal: {fileID: 100100000}
  m_GameObject: {fileID: 154086}
  m_Enabled: 1
  m_CastShadows: 1
  m_ReceiveShadows: 1
  m_Materials:
  - {fileID: 2100000, guid: 927bbb504e10e144f8645f6f4834aaaf, type: 2}
  m_SubsetIndices: 
  m_StaticBatchRoot: {fileID: 0}
  m_UseLightProbes: 1
  m_ReflectionProbeUsage: 1
  m_ProbeAnchor: {fileID: 0}
  m_ScaleInLightmap: 1
  m_PreserveUVs: 0
  m_ImportantGI: 0
  m_AutoUVMaxDistance: .5
  m_AutoUVMaxAngle: 89
  m_LightmapParameters: {fileID: 0}
  m_SortingLayerID: 0
  m_SortingOrder: 0
--- !u!23 &2356284
MeshRenderer:
  m_ObjectHideFlags: 1
  m_PrefabParentObject: {fileID: 0}
  m_PrefabInternal: {fileID: 100100000}
  m_GameObject: {fileID: 124928}
  m_Enabled: 1
  m_CastShadows: 1
  m_ReceiveShadows: 1
  m_Materials:
  - {fileID: 2100000, guid: 927bbb504e10e144f8645f6f4834aaaf, type: 2}
  m_SubsetIndices: 
  m_StaticBatchRoot: {fileID: 0}
  m_UseLightProbes: 1
  m_ReflectionProbeUsage: 1
  m_ProbeAnchor: {fileID: 0}
  m_ScaleInLightmap: 1
  m_PreserveUVs: 0
  m_ImportantGI: 0
  m_AutoUVMaxDistance: .5
  m_AutoUVMaxAngle: 89
  m_LightmapParameters: {fileID: 0}
  m_SortingLayerID: 0
  m_SortingOrder: 0
--- !u!23 &2358272
MeshRenderer:
  m_ObjectHideFlags: 1
  m_PrefabParentObject: {fileID: 0}
  m_PrefabInternal: {fileID: 100100000}
  m_GameObject: {fileID: 118810}
  m_Enabled: 1
  m_CastShadows: 1
  m_ReceiveShadows: 1
  m_Materials:
  - {fileID: 2100000, guid: 927bbb504e10e144f8645f6f4834aaaf, type: 2}
  m_SubsetIndices: 
  m_StaticBatchRoot: {fileID: 0}
  m_UseLightProbes: 1
  m_ReflectionProbeUsage: 1
  m_ProbeAnchor: {fileID: 0}
  m_ScaleInLightmap: 1
  m_PreserveUVs: 0
  m_ImportantGI: 0
  m_AutoUVMaxDistance: .5
  m_AutoUVMaxAngle: 89
  m_LightmapParameters: {fileID: 0}
  m_SortingLayerID: 0
  m_SortingOrder: 0
--- !u!23 &2361024
MeshRenderer:
  m_ObjectHideFlags: 1
  m_PrefabParentObject: {fileID: 0}
  m_PrefabInternal: {fileID: 100100000}
  m_GameObject: {fileID: 185462}
  m_Enabled: 1
  m_CastShadows: 1
  m_ReceiveShadows: 1
  m_Materials:
  - {fileID: 2100000, guid: 927bbb504e10e144f8645f6f4834aaaf, type: 2}
  m_SubsetIndices: 
  m_StaticBatchRoot: {fileID: 0}
  m_UseLightProbes: 1
  m_ReflectionProbeUsage: 1
  m_ProbeAnchor: {fileID: 0}
  m_ScaleInLightmap: 1
  m_PreserveUVs: 0
  m_ImportantGI: 0
  m_AutoUVMaxDistance: .5
  m_AutoUVMaxAngle: 89
  m_LightmapParameters: {fileID: 0}
  m_SortingLayerID: 0
  m_SortingOrder: 0
--- !u!23 &2363436
MeshRenderer:
  m_ObjectHideFlags: 1
  m_PrefabParentObject: {fileID: 0}
  m_PrefabInternal: {fileID: 100100000}
  m_GameObject: {fileID: 135012}
  m_Enabled: 1
  m_CastShadows: 1
  m_ReceiveShadows: 1
  m_Materials:
  - {fileID: 2100000, guid: 927bbb504e10e144f8645f6f4834aaaf, type: 2}
  m_SubsetIndices: 
  m_StaticBatchRoot: {fileID: 0}
  m_UseLightProbes: 1
  m_ReflectionProbeUsage: 1
  m_ProbeAnchor: {fileID: 0}
  m_ScaleInLightmap: 1
  m_PreserveUVs: 0
  m_ImportantGI: 0
  m_AutoUVMaxDistance: .5
  m_AutoUVMaxAngle: 89
  m_LightmapParameters: {fileID: 0}
  m_SortingLayerID: 0
  m_SortingOrder: 0
--- !u!23 &2363714
MeshRenderer:
  m_ObjectHideFlags: 1
  m_PrefabParentObject: {fileID: 0}
  m_PrefabInternal: {fileID: 100100000}
  m_GameObject: {fileID: 118452}
  m_Enabled: 1
  m_CastShadows: 1
  m_ReceiveShadows: 1
  m_Materials:
  - {fileID: 2100000, guid: a680f5f3dd15fcf43a7d1cbb2ccc7081, type: 2}
  m_SubsetIndices: 
  m_StaticBatchRoot: {fileID: 0}
  m_UseLightProbes: 1
  m_ReflectionProbeUsage: 1
  m_ProbeAnchor: {fileID: 0}
  m_ScaleInLightmap: 1
  m_PreserveUVs: 0
  m_ImportantGI: 0
  m_AutoUVMaxDistance: .5
  m_AutoUVMaxAngle: 89
  m_LightmapParameters: {fileID: 0}
  m_SortingLayerID: 0
  m_SortingOrder: 0
--- !u!23 &2366842
MeshRenderer:
  m_ObjectHideFlags: 1
  m_PrefabParentObject: {fileID: 0}
  m_PrefabInternal: {fileID: 100100000}
  m_GameObject: {fileID: 173732}
  m_Enabled: 1
  m_CastShadows: 1
  m_ReceiveShadows: 1
  m_Materials:
  - {fileID: 2100000, guid: 927bbb504e10e144f8645f6f4834aaaf, type: 2}
  m_SubsetIndices: 
  m_StaticBatchRoot: {fileID: 0}
  m_UseLightProbes: 1
  m_ReflectionProbeUsage: 1
  m_ProbeAnchor: {fileID: 0}
  m_ScaleInLightmap: 1
  m_PreserveUVs: 0
  m_ImportantGI: 0
  m_AutoUVMaxDistance: .5
  m_AutoUVMaxAngle: 89
  m_LightmapParameters: {fileID: 0}
  m_SortingLayerID: 0
  m_SortingOrder: 0
--- !u!23 &2379270
MeshRenderer:
  m_ObjectHideFlags: 1
  m_PrefabParentObject: {fileID: 0}
  m_PrefabInternal: {fileID: 100100000}
  m_GameObject: {fileID: 109944}
  m_Enabled: 1
  m_CastShadows: 1
  m_ReceiveShadows: 1
  m_Materials:
  - {fileID: 2100000, guid: a680f5f3dd15fcf43a7d1cbb2ccc7081, type: 2}
  m_SubsetIndices: 
  m_StaticBatchRoot: {fileID: 0}
  m_UseLightProbes: 1
  m_ReflectionProbeUsage: 1
  m_ProbeAnchor: {fileID: 0}
  m_ScaleInLightmap: 1
  m_PreserveUVs: 0
  m_ImportantGI: 0
  m_AutoUVMaxDistance: .5
  m_AutoUVMaxAngle: 89
  m_LightmapParameters: {fileID: 0}
  m_SortingLayerID: 0
  m_SortingOrder: 0
--- !u!23 &2379758
MeshRenderer:
  m_ObjectHideFlags: 1
  m_PrefabParentObject: {fileID: 0}
  m_PrefabInternal: {fileID: 100100000}
  m_GameObject: {fileID: 159916}
  m_Enabled: 1
  m_CastShadows: 1
  m_ReceiveShadows: 1
  m_Materials:
  - {fileID: 2100000, guid: 927bbb504e10e144f8645f6f4834aaaf, type: 2}
  m_SubsetIndices: 
  m_StaticBatchRoot: {fileID: 0}
  m_UseLightProbes: 1
  m_ReflectionProbeUsage: 1
  m_ProbeAnchor: {fileID: 0}
  m_ScaleInLightmap: 1
  m_PreserveUVs: 0
  m_ImportantGI: 0
  m_AutoUVMaxDistance: .5
  m_AutoUVMaxAngle: 89
  m_LightmapParameters: {fileID: 0}
  m_SortingLayerID: 0
  m_SortingOrder: 0
--- !u!23 &2379880
MeshRenderer:
  m_ObjectHideFlags: 1
  m_PrefabParentObject: {fileID: 0}
  m_PrefabInternal: {fileID: 100100000}
  m_GameObject: {fileID: 157646}
  m_Enabled: 1
  m_CastShadows: 1
  m_ReceiveShadows: 1
  m_Materials:
  - {fileID: 2100000, guid: 927bbb504e10e144f8645f6f4834aaaf, type: 2}
  m_SubsetIndices: 
  m_StaticBatchRoot: {fileID: 0}
  m_UseLightProbes: 1
  m_ReflectionProbeUsage: 1
  m_ProbeAnchor: {fileID: 0}
  m_ScaleInLightmap: 1
  m_PreserveUVs: 0
  m_ImportantGI: 0
  m_AutoUVMaxDistance: .5
  m_AutoUVMaxAngle: 89
  m_LightmapParameters: {fileID: 0}
  m_SortingLayerID: 0
  m_SortingOrder: 0
--- !u!23 &2382404
MeshRenderer:
  m_ObjectHideFlags: 1
  m_PrefabParentObject: {fileID: 0}
  m_PrefabInternal: {fileID: 100100000}
  m_GameObject: {fileID: 127594}
  m_Enabled: 1
  m_CastShadows: 1
  m_ReceiveShadows: 1
  m_Materials:
  - {fileID: 2100000, guid: 927bbb504e10e144f8645f6f4834aaaf, type: 2}
  m_SubsetIndices: 
  m_StaticBatchRoot: {fileID: 0}
  m_UseLightProbes: 1
  m_ReflectionProbeUsage: 1
  m_ProbeAnchor: {fileID: 0}
  m_ScaleInLightmap: 1
  m_PreserveUVs: 0
  m_ImportantGI: 0
  m_AutoUVMaxDistance: .5
  m_AutoUVMaxAngle: 89
  m_LightmapParameters: {fileID: 0}
  m_SortingLayerID: 0
  m_SortingOrder: 0
--- !u!23 &2391502
MeshRenderer:
  m_ObjectHideFlags: 1
  m_PrefabParentObject: {fileID: 0}
  m_PrefabInternal: {fileID: 100100000}
  m_GameObject: {fileID: 170654}
  m_Enabled: 1
  m_CastShadows: 1
  m_ReceiveShadows: 1
  m_Materials:
  - {fileID: 2100000, guid: 927bbb504e10e144f8645f6f4834aaaf, type: 2}
  m_SubsetIndices: 
  m_StaticBatchRoot: {fileID: 0}
  m_UseLightProbes: 1
  m_ReflectionProbeUsage: 1
  m_ProbeAnchor: {fileID: 0}
  m_ScaleInLightmap: 1
  m_PreserveUVs: 0
  m_ImportantGI: 0
  m_AutoUVMaxDistance: .5
  m_AutoUVMaxAngle: 89
  m_LightmapParameters: {fileID: 0}
  m_SortingLayerID: 0
  m_SortingOrder: 0
--- !u!23 &2392588
MeshRenderer:
  m_ObjectHideFlags: 1
  m_PrefabParentObject: {fileID: 0}
  m_PrefabInternal: {fileID: 100100000}
  m_GameObject: {fileID: 180872}
  m_Enabled: 1
  m_CastShadows: 1
  m_ReceiveShadows: 1
  m_Materials:
  - {fileID: 2100000, guid: 927bbb504e10e144f8645f6f4834aaaf, type: 2}
  m_SubsetIndices: 
  m_StaticBatchRoot: {fileID: 0}
  m_UseLightProbes: 1
  m_ReflectionProbeUsage: 1
  m_ProbeAnchor: {fileID: 0}
  m_ScaleInLightmap: 1
  m_PreserveUVs: 0
  m_ImportantGI: 0
  m_AutoUVMaxDistance: .5
  m_AutoUVMaxAngle: 89
  m_LightmapParameters: {fileID: 0}
  m_SortingLayerID: 0
  m_SortingOrder: 0
--- !u!23 &2394504
MeshRenderer:
  m_ObjectHideFlags: 1
  m_PrefabParentObject: {fileID: 0}
  m_PrefabInternal: {fileID: 100100000}
  m_GameObject: {fileID: 124318}
  m_Enabled: 1
  m_CastShadows: 1
  m_ReceiveShadows: 1
  m_Materials:
  - {fileID: 2100000, guid: 927bbb504e10e144f8645f6f4834aaaf, type: 2}
  m_SubsetIndices: 
  m_StaticBatchRoot: {fileID: 0}
  m_UseLightProbes: 1
  m_ReflectionProbeUsage: 1
  m_ProbeAnchor: {fileID: 0}
  m_ScaleInLightmap: 1
  m_PreserveUVs: 0
  m_ImportantGI: 0
  m_AutoUVMaxDistance: .5
  m_AutoUVMaxAngle: 89
  m_LightmapParameters: {fileID: 0}
  m_SortingLayerID: 0
  m_SortingOrder: 0
--- !u!33 &3300704
MeshFilter:
  m_ObjectHideFlags: 1
  m_PrefabParentObject: {fileID: 0}
  m_PrefabInternal: {fileID: 100100000}
  m_GameObject: {fileID: 185462}
  m_Mesh: {fileID: 4300044, guid: d4d0103b5f6813c46b25c78bb86449c6, type: 3}
--- !u!33 &3304226
MeshFilter:
  m_ObjectHideFlags: 1
  m_PrefabParentObject: {fileID: 0}
  m_PrefabInternal: {fileID: 100100000}
  m_GameObject: {fileID: 151786}
  m_Mesh: {fileID: 4300008, guid: d4d0103b5f6813c46b25c78bb86449c6, type: 3}
--- !u!33 &3305450
MeshFilter:
  m_ObjectHideFlags: 1
  m_PrefabParentObject: {fileID: 0}
  m_PrefabInternal: {fileID: 100100000}
  m_GameObject: {fileID: 170654}
  m_Mesh: {fileID: 4300028, guid: d4d0103b5f6813c46b25c78bb86449c6, type: 3}
--- !u!33 &3314118
MeshFilter:
  m_ObjectHideFlags: 1
  m_PrefabParentObject: {fileID: 0}
  m_PrefabInternal: {fileID: 100100000}
  m_GameObject: {fileID: 148528}
  m_Mesh: {fileID: 4300020, guid: d4d0103b5f6813c46b25c78bb86449c6, type: 3}
--- !u!33 &3315880
MeshFilter:
  m_ObjectHideFlags: 1
  m_PrefabParentObject: {fileID: 0}
  m_PrefabInternal: {fileID: 100100000}
  m_GameObject: {fileID: 180872}
  m_Mesh: {fileID: 4300036, guid: d4d0103b5f6813c46b25c78bb86449c6, type: 3}
--- !u!33 &3324866
MeshFilter:
  m_ObjectHideFlags: 1
  m_PrefabParentObject: {fileID: 0}
  m_PrefabInternal: {fileID: 100100000}
  m_GameObject: {fileID: 195672}
  m_Mesh: {fileID: 4300006, guid: d4d0103b5f6813c46b25c78bb86449c6, type: 3}
--- !u!33 &3325026
MeshFilter:
  m_ObjectHideFlags: 1
  m_PrefabParentObject: {fileID: 0}
  m_PrefabInternal: {fileID: 100100000}
  m_GameObject: {fileID: 118452}
  m_Mesh: {fileID: 4300002, guid: d4d0103b5f6813c46b25c78bb86449c6, type: 3}
--- !u!33 &3332536
MeshFilter:
  m_ObjectHideFlags: 1
  m_PrefabParentObject: {fileID: 0}
  m_PrefabInternal: {fileID: 100100000}
  m_GameObject: {fileID: 120230}
  m_Mesh: {fileID: 4300032, guid: d4d0103b5f6813c46b25c78bb86449c6, type: 3}
--- !u!33 &3332768
MeshFilter:
  m_ObjectHideFlags: 1
  m_PrefabParentObject: {fileID: 0}
  m_PrefabInternal: {fileID: 100100000}
  m_GameObject: {fileID: 159916}
  m_Mesh: {fileID: 4300040, guid: d4d0103b5f6813c46b25c78bb86449c6, type: 3}
--- !u!33 &3334868
MeshFilter:
  m_ObjectHideFlags: 1
  m_PrefabParentObject: {fileID: 0}
  m_PrefabInternal: {fileID: 100100000}
  m_GameObject: {fileID: 139866}
  m_Mesh: {fileID: 4300024, guid: d4d0103b5f6813c46b25c78bb86449c6, type: 3}
--- !u!33 &3344908
MeshFilter:
  m_ObjectHideFlags: 1
  m_PrefabParentObject: {fileID: 0}
  m_PrefabInternal: {fileID: 100100000}
  m_GameObject: {fileID: 157646}
  m_Mesh: {fileID: 4300018, guid: d4d0103b5f6813c46b25c78bb86449c6, type: 3}
--- !u!33 &3352554
MeshFilter:
  m_ObjectHideFlags: 1
  m_PrefabParentObject: {fileID: 0}
  m_PrefabInternal: {fileID: 100100000}
  m_GameObject: {fileID: 148242}
  m_Mesh: {fileID: 4300050, guid: d4d0103b5f6813c46b25c78bb86449c6, type: 3}
--- !u!33 &3353212
MeshFilter:
  m_ObjectHideFlags: 1
  m_PrefabParentObject: {fileID: 0}
  m_PrefabInternal: {fileID: 100100000}
  m_GameObject: {fileID: 141768}
  m_Mesh: {fileID: 4300026, guid: d4d0103b5f6813c46b25c78bb86449c6, type: 3}
--- !u!33 &3353572
MeshFilter:
  m_ObjectHideFlags: 1
  m_PrefabParentObject: {fileID: 0}
  m_PrefabInternal: {fileID: 100100000}
  m_GameObject: {fileID: 119054}
  m_Mesh: {fileID: 4300038, guid: d4d0103b5f6813c46b25c78bb86449c6, type: 3}
--- !u!33 &3354024
MeshFilter:
  m_ObjectHideFlags: 1
  m_PrefabParentObject: {fileID: 0}
  m_PrefabInternal: {fileID: 100100000}
  m_GameObject: {fileID: 198196}
  m_Mesh: {fileID: 4300014, guid: d4d0103b5f6813c46b25c78bb86449c6, type: 3}
--- !u!33 &3356282
MeshFilter:
  m_ObjectHideFlags: 1
  m_PrefabParentObject: {fileID: 0}
  m_PrefabInternal: {fileID: 100100000}
  m_GameObject: {fileID: 173732}
  m_Mesh: {fileID: 4300046, guid: d4d0103b5f6813c46b25c78bb86449c6, type: 3}
--- !u!33 &3367224
MeshFilter:
  m_ObjectHideFlags: 1
  m_PrefabParentObject: {fileID: 0}
  m_PrefabInternal: {fileID: 100100000}
  m_GameObject: {fileID: 175620}
  m_Mesh: {fileID: 4300042, guid: d4d0103b5f6813c46b25c78bb86449c6, type: 3}
--- !u!33 &3368924
MeshFilter:
  m_ObjectHideFlags: 1
  m_PrefabParentObject: {fileID: 0}
  m_PrefabInternal: {fileID: 100100000}
  m_GameObject: {fileID: 109944}
  m_Mesh: {fileID: 4300004, guid: d4d0103b5f6813c46b25c78bb86449c6, type: 3}
--- !u!33 &3370132
MeshFilter:
  m_ObjectHideFlags: 1
  m_PrefabParentObject: {fileID: 0}
  m_PrefabInternal: {fileID: 100100000}
  m_GameObject: {fileID: 124928}
  m_Mesh: {fileID: 4300030, guid: d4d0103b5f6813c46b25c78bb86449c6, type: 3}
--- !u!33 &3370310
MeshFilter:
  m_ObjectHideFlags: 1
  m_PrefabParentObject: {fileID: 0}
  m_PrefabInternal: {fileID: 100100000}
  m_GameObject: {fileID: 143504}
  m_Mesh: {fileID: 4300000, guid: d4d0103b5f6813c46b25c78bb86449c6, type: 3}
--- !u!33 &3373512
MeshFilter:
  m_ObjectHideFlags: 1
  m_PrefabParentObject: {fileID: 0}
  m_PrefabInternal: {fileID: 100100000}
  m_GameObject: {fileID: 196526}
  m_Mesh: {fileID: 4300048, guid: d4d0103b5f6813c46b25c78bb86449c6, type: 3}
--- !u!33 &3373540
MeshFilter:
  m_ObjectHideFlags: 1
  m_PrefabParentObject: {fileID: 0}
  m_PrefabInternal: {fileID: 100100000}
  m_GameObject: {fileID: 127594}
  m_Mesh: {fileID: 4300016, guid: d4d0103b5f6813c46b25c78bb86449c6, type: 3}
--- !u!33 &3380224
MeshFilter:
  m_ObjectHideFlags: 1
  m_PrefabParentObject: {fileID: 0}
  m_PrefabInternal: {fileID: 100100000}
  m_GameObject: {fileID: 154086}
  m_Mesh: {fileID: 4300012, guid: d4d0103b5f6813c46b25c78bb86449c6, type: 3}
--- !u!33 &3391552
MeshFilter:
  m_ObjectHideFlags: 1
  m_PrefabParentObject: {fileID: 0}
  m_PrefabInternal: {fileID: 100100000}
  m_GameObject: {fileID: 118810}
  m_Mesh: {fileID: 4300022, guid: d4d0103b5f6813c46b25c78bb86449c6, type: 3}
--- !u!33 &3395172
MeshFilter:
  m_ObjectHideFlags: 1
  m_PrefabParentObject: {fileID: 0}
  m_PrefabInternal: {fileID: 100100000}
  m_GameObject: {fileID: 135012}
  m_Mesh: {fileID: 4300034, guid: d4d0103b5f6813c46b25c78bb86449c6, type: 3}
--- !u!33 &3399118
MeshFilter:
  m_ObjectHideFlags: 1
  m_PrefabParentObject: {fileID: 0}
  m_PrefabInternal: {fileID: 100100000}
  m_GameObject: {fileID: 124318}
  m_Mesh: {fileID: 4300010, guid: d4d0103b5f6813c46b25c78bb86449c6, type: 3}
--- !u!114 &11413760
MonoBehaviour:
  m_ObjectHideFlags: 1
  m_PrefabParentObject: {fileID: 0}
  m_PrefabInternal: {fileID: 100100000}
  m_GameObject: {fileID: 127526}
  m_Enabled: 1
  m_EditorHideFlags: 0
  m_Script: {fileID: 11500000, guid: 46a02d0f612a241b293c0da4f82b712c, type: 3}
  m_Name: 
  m_EditorClassIdentifier: 
  Properties:
    Properties: []
    Groups: []
    Hidden: 
  Links:
    Links:
    - LIIF: -1553084556
      InstanceTarget: {fileID: 11413760}
    - LIIF: 416818036
      InstanceTarget: {fileID: 127526}
    - LIIF: -1456002139
      InstanceTarget: {fileID: 120966}
    - LIIF: -1230503860
      InstanceTarget: {fileID: 114504}
    - LIIF: -368554168
      InstanceTarget: {fileID: 195672}
    - LIIF: -1870347222
      InstanceTarget: {fileID: 143504}
    - LIIF: -451824596
      InstanceTarget: {fileID: 118452}
    - LIIF: -2068881985
      InstanceTarget: {fileID: 109944}
    - LIIF: 175837887
      InstanceTarget: {fileID: 416698}
    - LIIF: -2033296329
      InstanceTarget: {fileID: 148528}
    - LIIF: -1298610632
      InstanceTarget: {fileID: 180872}
    - LIIF: 1710808340
      InstanceTarget: {fileID: 196526}
    - LIIF: -336904832
      InstanceTarget: {fileID: 173732}
    - LIIF: -1927162143
      InstanceTarget: {fileID: 118810}
    - LIIF: 1653085825
      InstanceTarget: {fileID: 119054}
    - LIIF: -29010234
      InstanceTarget: {fileID: 154086}
    - LIIF: -1923704975
      InstanceTarget: {fileID: 170654}
    - LIIF: -888160684
      InstanceTarget: {fileID: 159916}
    - LIIF: -234873420
      InstanceTarget: {fileID: 157646}
    - LIIF: -1810102647
      InstanceTarget: {fileID: 151786}
    - LIIF: -427221021
      InstanceTarget: {fileID: 198196}
    - LIIF: 1481953841
      InstanceTarget: {fileID: 124928}
    - LIIF: -1976748247
      InstanceTarget: {fileID: 120230}
    - LIIF: -405200333
      InstanceTarget: {fileID: 139866}
    - LIIF: 1984728480
      InstanceTarget: {fileID: 135012}
    - LIIF: 480000304
      InstanceTarget: {fileID: 175620}
    - LIIF: 297891811
      InstanceTarget: {fileID: 127594}
    - LIIF: 2067412151
      InstanceTarget: {fileID: 141768}
    - LIIF: 1059485596
      InstanceTarget: {fileID: 124318}
    - LIIF: 933889053
      InstanceTarget: {fileID: 148242}
    - LIIF: -1682534491
      InstanceTarget: {fileID: 185462}
    - LIIF: 823687538
      InstanceTarget: {fileID: 483122}
    - LIIF: -1161410389
      InstanceTarget: {fileID: 403858}
    - LIIF: 671104284
      InstanceTarget: {fileID: 432342}
    - LIIF: -956902828
      InstanceTarget: {fileID: 448916}
    - LIIF: 323894832
      InstanceTarget: {fileID: 443040}
    - LIIF: -630651693
      InstanceTarget: {fileID: 427734}
    - LIIF: 506783084
      InstanceTarget: {fileID: 468076}
    - LIIF: 794942118
      InstanceTarget: {fileID: 472142}
    - LIIF: -871758476
      InstanceTarget: {fileID: 408298}
    - LIIF: -1284174281
      InstanceTarget: {fileID: 484676}
    - LIIF: -1584723998
      InstanceTarget: {fileID: 468986}
    - LIIF: -1204369847
      InstanceTarget: {fileID: 489608}
    - LIIF: 1732505144
      InstanceTarget: {fileID: 418688}
    - LIIF: 514409233
      InstanceTarget: {fileID: 477256}
    - LIIF: 721411537
      InstanceTarget: {fileID: 421428}
    - LIIF: 987677987
      InstanceTarget: {fileID: 455946}
    - LIIF: 1542469594
      InstanceTarget: {fileID: 493614}
    - LIIF: 134247351
      InstanceTarget: {fileID: 440650}
    - LIIF: 878678794
      InstanceTarget: {fileID: 456694}
    - LIIF: 980343421
      InstanceTarget: {fileID: 457184}
    - LIIF: -1576672111
      InstanceTarget: {fileID: 452272}
    - LIIF: 1452199269
      InstanceTarget: {fileID: 451820}
    - LIIF: -1535069798
      InstanceTarget: {fileID: 491872}
    - LIIF: 1648480781
      InstanceTarget: {fileID: 424214}
    - LIIF: -643717494
      InstanceTarget: {fileID: 415328}
    - LIIF: 362165251
      InstanceTarget: {fileID: 467174}
    - LIIF: 1865070830
      InstanceTarget: {fileID: 451214}
    - LIIF: 459778915
      InstanceTarget: {fileID: 410662}
    - LIIF: 1286774833
      InstanceTarget: {fileID: 3324866}
    - LIIF: 1580354890
      InstanceTarget: {fileID: 2312722}
    - LIIF: 553143663
      InstanceTarget: {fileID: 3368924}
    - LIIF: -564679492
      InstanceTarget: {fileID: 2379270}
    - LIIF: 1413497120
      InstanceTarget: {fileID: 3325026}
    - LIIF: -1084794597
      InstanceTarget: {fileID: 2363714}
    - LIIF: -587337887
      InstanceTarget: {fileID: 3370310}
    - LIIF: -1050021816
      InstanceTarget: {fileID: 2345040}
    - LIIF: -1220808776
      InstanceTarget: {fileID: 3300704}
    - LIIF: 1507977292
      InstanceTarget: {fileID: 2361024}
    - LIIF: 1255117339
      InstanceTarget: {fileID: 3395172}
    - LIIF: 246976726
      InstanceTarget: {fileID: 2363436}
    - LIIF: -224482274
      InstanceTarget: {fileID: 3391552}
    - LIIF: -1607752836
      InstanceTarget: {fileID: 2358272}
    - LIIF: 855637463
      InstanceTarget: {fileID: 3304226}
    - LIIF: 189203141
      InstanceTarget: {fileID: 2316924}
    - LIIF: -338544393
      InstanceTarget: {fileID: 3373540}
    - LIIF: 1293903612
      InstanceTarget: {fileID: 2382404}
    - LIIF: 1406831228
      InstanceTarget: {fileID: 3353212}
    - LIIF: -497924335
      InstanceTarget: {fileID: 2345488}
    - LIIF: 1649190427
      InstanceTarget: {fileID: 3367224}
    - LIIF: 1289686693
      InstanceTarget: {fileID: 2339260}
    - LIIF: 1987372677
      InstanceTarget: {fileID: 3370132}
    - LIIF: 1396429240
      InstanceTarget: {fileID: 2356284}
    - LIIF: -1833276913
      InstanceTarget: {fileID: 3344908}
    - LIIF: 2079632712
      InstanceTarget: {fileID: 2379880}
    - LIIF: -13161852
      InstanceTarget: {fileID: 3332768}
    - LIIF: 1186198529
      InstanceTarget: {fileID: 2379758}
    - LIIF: 1321975437
      InstanceTarget: {fileID: 3352554}
    - LIIF: -196770539
      InstanceTarget: {fileID: 2330690}
    - LIIF: 505257748
      InstanceTarget: {fileID: 3314118}
    - LIIF: 1869195652
      InstanceTarget: {fileID: 2323800}
    - LIIF: 195274833
      InstanceTarget: {fileID: 3305450}
    - LIIF: -1102652551
      InstanceTarget: {fileID: 2391502}
    - LIIF: 766822552
      InstanceTarget: {fileID: 3353572}
    - LIIF: -729084290
      InstanceTarget: {fileID: 2310406}
    - LIIF: 1861079265
      InstanceTarget: {fileID: 3399118}
    - LIIF: -238054880
      InstanceTarget: {fileID: 2394504}
    - LIIF: -190380047
      InstanceTarget: {fileID: 3373512}
    - LIIF: 56295664
      InstanceTarget: {fileID: 2325256}
    - LIIF: -1154039565
      InstanceTarget: {fileID: 3315880}
    - LIIF: 2012878899
      InstanceTarget: {fileID: 2392588}
    - LIIF: 915397250
      InstanceTarget: {fileID: 3356282}
    - LIIF: -190566054
      InstanceTarget: {fileID: 2366842}
    - LIIF: -1101326242
      InstanceTarget: {fileID: 3332536}
    - LIIF: -689953819
      InstanceTarget: {fileID: 2327744}
    - LIIF: -968987010
      InstanceTarget: {fileID: 3354024}
    - LIIF: 838827493
      InstanceTarget: {fileID: 2330538}
    - LIIF: -1174595903
      InstanceTarget: {fileID: 3334868}
    - LIIF: 808499546
      InstanceTarget: {fileID: 2303514}
    - LIIF: -667584973
      InstanceTarget: {fileID: 3380224}
    - LIIF: 1264242604
      InstanceTarget: {fileID: 2350380}
  Modifications:
    Modificated:
    - Object: {fileID: 127526}
      ObjeckLink: 416818036
      PropertyPath: m_Name
      Mode: 0
    - Object: {fileID: 416698}
      ObjeckLink: 175837887
      PropertyPath: m_RootOrder
      Mode: 0
    NonPrefabObjects: []
    NonPrefabComponents: []
    RemovedObjects: 
    TransformParentChanges: []
  ParentPrefabGUID: 
  PrefabGUID: 534f39cba484bf84ca3f933373af6a23
--- !u!1001 &100100000
Prefab:
  m_ObjectHideFlags: 1
  serializedVersion: 2
  m_Modification:
    m_TransformParent: {fileID: 0}
    m_Modifications:
    - target: {fileID: 0}
      propertyPath: m_LocalPosition.x
      value: 0
      objectReference: {fileID: 0}
    - target: {fileID: 0}
      propertyPath: m_LocalPosition.z
      value: 0
      objectReference: {fileID: 0}
    - target: {fileID: 0}
      propertyPath: m_StaticEditorFlags
      value: 4294967295
      objectReference: {fileID: 0}
    m_RemovedComponents: []
  m_ParentPrefab: {fileID: 0}
  m_RootGameObject: {fileID: 127526}
  m_IsPrefabParent: 1
