%YAML 1.1
%TAG !u! tag:unity3d.com,2011:
--- !u!1 &119380
GameObject:
  m_ObjectHideFlags: 0
  m_PrefabParentObject: {fileID: 0}
  m_PrefabInternal: {fileID: 100100000}
  serializedVersion: 4
  m_Component:
  - 4: {fileID: 486284}
  - 20: {fileID: 2039566}
  - 92: {fileID: 9269848}
  - 124: {fileID: 12440460}
  - 81: {fileID: 8131110}
  - 114: {fileID: 11406418}
  - 114: {fileID: 11465438}
  m_Layer: 0
  m_Name: Game Camera
  m_TagString: MainCamera
  m_Icon: {fileID: 0}
  m_NavMeshLayer: 0
  m_StaticEditorFlags: 6
  m_IsActive: 1
--- !u!4 &486284
Transform:
  m_ObjectHideFlags: 1
  m_PrefabParentObject: {fileID: 0}
  m_PrefabInternal: {fileID: 100100000}
  m_GameObject: {fileID: 119380}
  m_LocalRotation: {x: 0, y: 0, z: 0, w: 1}
  m_LocalPosition: {x: 0, y: 0, z: 0}
  m_LocalScale: {x: 1, y: 1, z: 1}
  m_Children: []
  m_Father: {fileID: 0}
  m_RootOrder: 0
--- !u!20 &2039566
Camera:
  m_ObjectHideFlags: 1
  m_PrefabParentObject: {fileID: 0}
  m_PrefabInternal: {fileID: 100100000}
  m_GameObject: {fileID: 119380}
  m_Enabled: 1
  serializedVersion: 2
  m_ClearFlags: 1
  m_BackGroundColor: {r: .192156866, g: .301960796, b: .474509805, a: .0196078438}
  m_NormalizedViewPortRect:
    serializedVersion: 2
    x: 0
    y: 0
    width: 1
    height: 1
  near clip plane: .100000001
  far clip plane: 1000
  field of view: 60
  orthographic: 1
  orthographic size: 10
  m_Depth: -1
  m_CullingMask:
    serializedVersion: 2
    m_Bits: 4294967295
  m_RenderingPath: -1
  m_TargetTexture: {fileID: 0}
  m_TargetDisplay: 0
  m_TargetEye: 3
  m_HDR: 0
  m_OcclusionCulling: 1
  m_StereoConvergence: 10
  m_StereoSeparation: .0219999999
  m_StereoMirrorMode: 0
--- !u!81 &8131110
AudioListener:
  m_ObjectHideFlags: 1
  m_PrefabParentObject: {fileID: 0}
  m_PrefabInternal: {fileID: 100100000}
  m_GameObject: {fileID: 119380}
  m_Enabled: 1
--- !u!92 &9269848
Behaviour:
  m_ObjectHideFlags: 1
  m_PrefabParentObject: {fileID: 0}
  m_PrefabInternal: {fileID: 100100000}
  m_GameObject: {fileID: 119380}
  m_Enabled: 1
--- !u!114 &11406418
MonoBehaviour:
  m_ObjectHideFlags: 1
  m_PrefabParentObject: {fileID: 0}
  m_PrefabInternal: {fileID: 100100000}
  m_GameObject: {fileID: 119380}
  m_Enabled: 1
  m_EditorHideFlags: 0
  m_Script: {fileID: 11500000, guid: cfe74b68a2b92459d9aea83428a90e4e, type: 3}
  m_Name: 
  m_EditorClassIdentifier: 
  xMargin: 1
  yMargin: 1
  xSmooth: 2
  ySmooth: 2
  maxXAndY: {x: 1000, y: 1000}
  minXAndY: {x: -100, y: -100}
  offset: {x: 10, y: 5}
  playerRef: {fileID: 0}
--- !u!114 &11465438
MonoBehaviour:
  m_ObjectHideFlags: 1
  m_PrefabParentObject: {fileID: 0}
  m_PrefabInternal: {fileID: 100100000}
  m_GameObject: {fileID: 119380}
  m_Enabled: 1
  m_EditorHideFlags: 0
  m_Script: {fileID: 11500000, guid: cb266a1e2722b4e3e86a7625e44db745, type: 3}
  m_Name: 
  m_EditorClassIdentifier: 
  camScript: {fileID: 11406418}
--- !u!124 &12440460
Behaviour:
  m_ObjectHideFlags: 1
  m_PrefabParentObject: {fileID: 0}
  m_PrefabInternal: {fileID: 100100000}
  m_GameObject: {fileID: 119380}
  m_Enabled: 1
--- !u!1001 &100100000
Prefab:
  m_ObjectHideFlags: 1
  serializedVersion: 2
  m_Modification:
    m_TransformParent: {fileID: 0}
    m_Modifications:
    - target: {fileID: 0}
      propertyPath: yMargin
      value: 1
      objectReference: {fileID: 0}
    - target: {fileID: 0}
      propertyPath: xMargin
      value: 1
      objectReference: {fileID: 0}
    - target: {fileID: 0}
      propertyPath: offset.y
      value: 5
      objectReference: {fileID: 0}
    - target: {fileID: 0}
      propertyPath: maxXAndY.y
      value: 1000
      objectReference: {fileID: 0}
    - target: {fileID: 0}
      propertyPath: near clip plane
      value: .100000001
      objectReference: {fileID: 0}
    - target: {fileID: 0}
      propertyPath: resolution
      value: 2
      objectReference: {fileID: 0}
    - target: {fileID: 0}
      propertyPath: maxRadius
      value: .468999982
      objectReference: {fileID: 0}
    - target: {fileID: 0}
      propertyPath: useDepthTexture
      value: 1
      objectReference: {fileID: 0}
    - target: {fileID: 0}
      propertyPath: screenBlendMode
      value: 0
      objectReference: {fileID: 0}
    - target: {fileID: 0}
      propertyPath: sunThreshold.r
      value: .838235259
      objectReference: {fileID: 0}
    - target: {fileID: 0}
      propertyPath: sunThreshold.g
      value: 1
      objectReference: {fileID: 0}
    - target: {fileID: 0}
      propertyPath: sunThreshold.b
      value: .911188006
      objectReference: {fileID: 0}
    - target: {fileID: 0}
      propertyPath: sunColor.r
      value: 1
      objectReference: {fileID: 0}
    - target: {fileID: 0}
      propertyPath: sunColor.g
      value: 1
      objectReference: {fileID: 0}
    - target: {fileID: 0}
      propertyPath: sunColor.b
      value: 1
      objectReference: {fileID: 0}
    - target: {fileID: 0}
      propertyPath: sunColor.a
      value: .717647076
      objectReference: {fileID: 0}
    - target: {fileID: 0}
      propertyPath: m_StaticEditorFlags
      value: 6
      objectReference: {fileID: 0}
    - target: {fileID: 0}
      propertyPath: m_Enabled
      value: 1
      objectReference: {fileID: 0}
    - target: {fileID: 0}
      propertyPath: camScript
      value: 
      objectReference: {fileID: 11406418}
    - target: {fileID: 0}
      propertyPath: m_LocalRotation.x
      value: 0
      objectReference: {fileID: 0}
    - target: {fileID: 0}
      propertyPath: m_LocalRotation.w
      value: 1
      objectReference: {fileID: 0}
    - target: {fileID: 0}
      propertyPath: offset.x
      value: 10
      objectReference: {fileID: 0}
    m_RemovedComponents: []
  m_ParentPrefab: {fileID: 0}
  m_RootGameObject: {fileID: 119380}
  m_IsPrefabParent: 1
