%YAML 1.1
%TAG !u! tag:unity3d.com,2011:
--- !u!1 &156320
GameObject:
  m_ObjectHideFlags: 0
  m_PrefabParentObject: {fileID: 0}
  m_PrefabInternal: {fileID: 100100000}
  serializedVersion: 4
  m_Component:
  - 4: {fileID: 425976}
  - 33: {fileID: 3315766}
  - 23: {fileID: 2395848}
  - 114: {fileID: 11429456}
  m_Layer: 0
  m_Name: FlowerBush_Petal
  m_TagString: Untagged
  m_Icon: {fileID: 0}
  m_NavMeshLayer: 0
  m_StaticEditorFlags: 4294967295
  m_IsActive: 1
--- !u!4 &425976
Transform:
  m_ObjectHideFlags: 1
  m_PrefabParentObject: {fileID: 0}
  m_PrefabInternal: {fileID: 100100000}
  m_GameObject: {fileID: 156320}
  m_LocalRotation: {x: 0, y: 0, z: 0, w: 1}
  m_LocalPosition: {x: 0, y: 0, z: 0}
  m_LocalScale: {x: .708378255, y: .708378255, z: .708378255}
  m_Children: []
  m_Father: {fileID: 0}
  m_RootOrder: 0
--- !u!23 &2395848
MeshRenderer:
  m_ObjectHideFlags: 1
  m_PrefabParentObject: {fileID: 0}
  m_PrefabInternal: {fileID: 100100000}
  m_GameObject: {fileID: 156320}
  m_Enabled: 1
  m_CastShadows: 1
  m_ReceiveShadows: 1
  m_Materials:
  - {fileID: 2100000, guid: 927bbb504e10e144f8645f6f4834aaaf, type: 2}
  m_SubsetIndices: 
  m_StaticBatchRoot: {fileID: 0}
  m_UseLightProbes: 1
  m_ReflectionProbeUsage: 1
  m_ProbeAnchor: {fileID: 0}
  m_ScaleInLightmap: 1
  m_PreserveUVs: 0
  m_ImportantGI: 0
  m_AutoUVMaxDistance: .5
  m_AutoUVMaxAngle: 89
  m_LightmapParameters: {fileID: 0}
  m_SortingLayerID: 0
  m_SortingOrder: 0
--- !u!33 &3315766
MeshFilter:
  m_ObjectHideFlags: 1
  m_PrefabParentObject: {fileID: 0}
  m_PrefabInternal: {fileID: 100100000}
  m_GameObject: {fileID: 156320}
  m_Mesh: {fileID: 4300606, guid: d4d0103b5f6813c46b25c78bb86449c6, type: 3}
--- !u!114 &11429456
MonoBehaviour:
  m_ObjectHideFlags: 1
  m_PrefabParentObject: {fileID: 0}
  m_PrefabInternal: {fileID: 100100000}
  m_GameObject: {fileID: 156320}
  m_Enabled: 1
  m_EditorHideFlags: 0
  m_Script: {fileID: 11500000, guid: 46a02d0f612a241b293c0da4f82b712c, type: 3}
  m_Name: 
  m_EditorClassIdentifier: 
  Properties:
    Properties: []
    Groups: []
    Hidden: 
  Links:
    Links:
    - LIIF: 629552466
      InstanceTarget: {fileID: 11429456}
    - LIIF: -2013008270
      InstanceTarget: {fileID: 156320}
    - LIIF: -189898085
      InstanceTarget: {fileID: 425976}
    - LIIF: -416746213
      InstanceTarget: {fileID: 3315766}
    - LIIF: -506561483
      InstanceTarget: {fileID: 2395848}
  Modifications:
    Modificated: []
    NonPrefabObjects: []
    NonPrefabComponents: []
    RemovedObjects: 
    TransformParentChanges: []
  ParentPrefabGUID: 
  PrefabGUID: ccaccd1f302efdd49ae8388325f2b508
--- !u!1001 &100100000
Prefab:
  m_ObjectHideFlags: 1
  serializedVersion: 2
  m_Modification:
    m_TransformParent: {fileID: 0}
    m_Modifications:
    - target: {fileID: 0}
      propertyPath: m_LocalPosition.x
      value: 0
      objectReference: {fileID: 0}
    - target: {fileID: 0}
      propertyPath: m_LocalPosition.z
      value: 0
      objectReference: {fileID: 0}
    - target: {fileID: 0}
      propertyPath: m_StaticEditorFlags
      value: 4294967295
      objectReference: {fileID: 0}
    m_RemovedComponents: []
  m_ParentPrefab: {fileID: 0}
  m_RootGameObject: {fileID: 156320}
  m_IsPrefabParent: 1
