%YAML 1.1
%TAG !u! tag:unity3d.com,2011:
--- !u!1 &136120
GameObject:
  m_ObjectHideFlags: 0
  m_PrefabParentObject: {fileID: 0}
  m_PrefabInternal: {fileID: 100100000}
  serializedVersion: 4
  m_Component:
  - 4: {fileID: 482874}
  - 65: {fileID: 6534898}
  m_Layer: 9
  m_Name: WallCollider
  m_TagString: Untagged
  m_Icon: {fileID: 0}
  m_NavMeshLayer: 0
  m_StaticEditorFlags: 0
  m_IsActive: 1
--- !u!1 &152544
GameObject:
  m_ObjectHideFlags: 0
  m_PrefabParentObject: {fileID: 0}
  m_PrefabInternal: {fileID: 100100000}
  serializedVersion: 4
  m_Component:
  - 4: {fileID: 403638}
  - 33: {fileID: 3361910}
  - 23: {fileID: 2362914}
  - 114: {fileID: 11412558}
  - 61: {fileID: 6179078}
  m_Layer: 8
  m_Name: Top_Right
  m_TagString: Untagged
  m_Icon: {fileID: 0}
  m_NavMeshLayer: 0
  m_StaticEditorFlags: 4294967295
  m_IsActive: 1
--- !u!1 &180966
GameObject:
  m_ObjectHideFlags: 0
  m_PrefabParentObject: {fileID: 0}
  m_PrefabInternal: {fileID: 100100000}
  serializedVersion: 4
  m_Component:
  - 4: {fileID: 465396}
  m_Layer: 8
  m_Name: Trail
  m_TagString: Untagged
  m_Icon: {fileID: 0}
  m_NavMeshLayer: 0
  m_StaticEditorFlags: 0
  m_IsActive: 1
--- !u!4 &403638
Transform:
  m_ObjectHideFlags: 1
  m_PrefabParentObject: {fileID: 0}
  m_PrefabInternal: {fileID: 100100000}
  m_GameObject: {fileID: 152544}
  m_LocalRotation: {x: 0, y: 0, z: 0, w: 1}
  m_LocalPosition: {x: -5, y: 0, z: 0}
  m_LocalScale: {x: 1, y: 1, z: 1}
  m_Children:
  - {fileID: 465396}
  - {fileID: 482874}
  m_Father: {fileID: 0}
  m_RootOrder: 0
--- !u!4 &465396
Transform:
  m_ObjectHideFlags: 1
  m_PrefabParentObject: {fileID: 0}
  m_PrefabInternal: {fileID: 100100000}
  m_GameObject: {fileID: 180966}
  m_LocalRotation: {x: -.707106829, y: 0, z: 0, w: .707106709}
  m_LocalPosition: {x: 0, y: 0, z: -3.04999995}
  m_LocalScale: {x: 1, y: 1, z: 1}
  m_Children: []
  m_Father: {fileID: 403638}
  m_RootOrder: 0
--- !u!4 &482874
Transform:
  m_ObjectHideFlags: 1
  m_PrefabParentObject: {fileID: 0}
  m_PrefabInternal: {fileID: 100100000}
  m_GameObject: {fileID: 136120}
  m_LocalRotation: {x: 0, y: 0, z: 0, w: 1}
  m_LocalPosition: {x: 0, y: 0, z: 0}
  m_LocalScale: {x: 1, y: 1, z: 1}
  m_Children: []
  m_Father: {fileID: 403638}
  m_RootOrder: 1
--- !u!23 &2362914
MeshRenderer:
  m_ObjectHideFlags: 1
  m_PrefabParentObject: {fileID: 0}
  m_PrefabInternal: {fileID: 100100000}
  m_GameObject: {fileID: 152544}
  m_Enabled: 1
  m_CastShadows: 0
  m_ReceiveShadows: 1
  m_Materials:
  - {fileID: 2100000, guid: a680f5f3dd15fcf43a7d1cbb2ccc7081, type: 2}
  m_SubsetIndices: 
  m_StaticBatchRoot: {fileID: 0}
  m_UseLightProbes: 1
  m_ReflectionProbeUsage: 1
  m_ProbeAnchor: {fileID: 0}
  m_ScaleInLightmap: 1
  m_PreserveUVs: 0
  m_IgnoreNormalsForChartDetection: 0
  m_ImportantGI: 0
  m_MinimumChartSize: 4
  m_AutoUVMaxDistance: .5
  m_AutoUVMaxAngle: 89
  m_LightmapParameters: {fileID: 0}
  m_SortingLayerID: 0
  m_SortingOrder: 0
--- !u!33 &3361910
MeshFilter:
  m_ObjectHideFlags: 1
  m_PrefabParentObject: {fileID: 0}
  m_PrefabInternal: {fileID: 100100000}
  m_GameObject: {fileID: 152544}
  m_Mesh: {fileID: 4300016, guid: 022897b10e468224c9ce79d5b71f936a, type: 3}
--- !u!61 &6179078
BoxCollider2D:
  m_ObjectHideFlags: 1
  m_PrefabParentObject: {fileID: 0}
  m_PrefabInternal: {fileID: 100100000}
  m_GameObject: {fileID: 152544}
  m_Enabled: 1
  m_Material: {fileID: 6200000, guid: a7d18a47e46eb1d488d182e2ddb70417, type: 2}
  m_IsTrigger: 0
  m_UsedByEffector: 0
  m_Offset: {x: .00600576401, y: .452133089}
  serializedVersion: 2
  m_Size: {x: .988182187, y: .0957338214}
--- !u!65 &6534898
BoxCollider:
  m_ObjectHideFlags: 1
  m_PrefabParentObject: {fileID: 0}
  m_PrefabInternal: {fileID: 100100000}
  m_GameObject: {fileID: 136120}
  m_Material: {fileID: 0}
  m_IsTrigger: 0
  m_Enabled: 1
  serializedVersion: 2
  m_Size: {x: .149499118, y: .904501557, z: 1}
  m_Center: {x: .42498064, y: -.0477492213, z: 0}
--- !u!114 &11412558
MonoBehaviour:
  m_ObjectHideFlags: 1
  m_PrefabParentObject: {fileID: 0}
  m_PrefabInternal: {fileID: 100100000}
  m_GameObject: {fileID: 152544}
  m_Enabled: 1
  m_EditorHideFlags: 0
  m_Script: {fileID: 11500000, guid: dcf1dafd30f594847b0e0b6883107b3c, type: 3}
  m_Name: 
  m_EditorClassIdentifier: 
  isRed: 0
  isJade: 0
  isBlue: 0
  trails:
  - {fileID: 0}
  - {fileID: 0}
  affectedObjects: []
--- !u!1001 &100100000
Prefab:
  m_ObjectHideFlags: 1
  serializedVersion: 2
  m_Modification:
    m_TransformParent: {fileID: 0}
    m_Modifications:
    - target: {fileID: 0}
      propertyPath: trails.Array.size
      value: 2
      objectReference: {fileID: 0}
    - target: {fileID: 0}
      propertyPath: m_Materials.Array.data[0]
      value: 
      objectReference: {fileID: 2100000, guid: 3c8ccfafdfca48a45a29e34057e7d70c, type: 2}
    - target: {fileID: 0}
      propertyPath: m_Name
      value: Trail
      objectReference: {fileID: 0}
    - target: {fileID: 0}
      propertyPath: m_Layer
      value: 8
      objectReference: {fileID: 0}
    - target: {fileID: 0}
      propertyPath: m_Offset.x
      value: 0
      objectReference: {fileID: 0}
    - target: {fileID: 0}
      propertyPath: m_CastShadows
      value: 0
      objectReference: {fileID: 0}
    - target: {fileID: 0}
      propertyPath: m_Material
      value: 
      objectReference: {fileID: 6200000, guid: a7d18a47e46eb1d488d182e2ddb70417, type: 2}
    m_RemovedComponents: []
  m_ParentPrefab: {fileID: 0}
  m_RootGameObject: {fileID: 152544}
  m_IsPrefabParent: 1
